%% This BibTeX bibliography file was created using BibDesk.
%% https://bibdesk.sourceforge.io/

%% Created for . at 2021-12-15 12:42:00 +0100 


%% Saved with string encoding Unicode (UTF-8) 



@article{mestre:2020,
	adsnote = {Provided by the SAO/NASA Astrophysics Data System},
	adsurl = {https://ui.adsabs.harvard.edu/abs/2020MNRAS.492.4398M},
	archiveprefix = {arXiv},
	author = {{Mestre}, Mart{\'\i}n and {Llinares}, Claudio and {Carpintero}, Daniel D.},
	date-added = {2021-12-15 12:41:52 +0100},
	date-modified = {2021-12-15 12:42:00 +0100},
	doi = {10.1093/mnras/stz3505},
	eprint = {1912.05592},
	journal = {\mnras},
	keywords = {chaos, Galaxy: kinematics and dynamics, galaxies: haloes, Astrophysics - Astrophysics of Galaxies, Nonlinear Sciences - Chaotic Dynamics},
	month = mar,
	number = {3},
	pages = {4398-4408},
	primaryclass = {astro-ph.GA},
	title = {{Effects of chaos on the detectability of stellar streams}},
	volume = {492},
	year = 2020,
	bdsk-url-1 = {https://doi.org/10.1093/mnras/stz3505}}

@article{rieder13,
	adsnote = {Provided by the SAO/NASA Astrophysics Data System},
	adsurl = {http://adsabs.harvard.edu/abs/2013MNRAS.436.3695R},
	archiveprefix = {arXiv},
	author = {{Rieder}, S. and {Ishiyama}, T. and {Langelaan}, P. and {Makino}, J. and {McMillan}, S.~L.~W. and {Portegies Zwart}, S.},
	date-added = {2021-12-15 11:35:37 +0100},
	date-modified = {2021-12-15 11:35:37 +0100},
	doi = {10.1093/mnras/stt1848},
	eprint = {1309.7352},
	journal = {\mnras},
	keywords = {galaxies: evolution, galaxies: star clusters: general, dark matter},
	month = dec,
	pages = {3695-3706},
	primaryclass = {astro-ph.CO},
	title = {{Evolution of star clusters in a cosmological tidal field}},
	volume = 436,
	year = 2013,
	bdsk-url-1 = {http://dx.doi.org/10.1093/mnras/stt1848}}

@article{lamers17,
	adsnote = {Provided by the SAO/NASA Astrophysics Data System},
	archiveprefix = {arXiv},
	author = {{Lamers}, H.~J.~G.~L.~M. and {Kruijssen}, J.~M.~D. and {Bastian}, N. and {Rejkuba}, M. and {Hilker}, M. and {Kissler-Patig}, M.},
	date-added = {2021-12-15 11:35:33 +0100},
	date-modified = {2021-12-15 11:35:33 +0100},
	doi = {10.1051/0004-6361/201731062},
	eid = {A85},
	eprint = {1706.00939},
	journal = {\aap},
	keywords = {globular clusters: general, galaxies: abundances, galaxies: star clusters: general, galaxies: stellar content, galaxies: halos, galaxies: star formation},
	month = oct,
	pages = {A85},
	title = {{The difference in metallicity distribution functions of halo stars and globular clusters as a function of galaxy type. A tracer of globular cluster formation and evolution}},
	volume = 606,
	year = 2017,
	bdsk-url-1 = {http://dx.doi.org/10.1051/0004-6361/201731062}}

@article{lamers06,
	adsnote = {Provided by the Smithsonian/NASA Astrophysics Data System},
	adsurl = {http://adsabs.harvard.edu/cgi-bin/nph-bib_query?bibcode=2006A%26A...455L..17L&db_key=AST},
	author = {{Lamers}, H.~J.~G.~L.~M. and {Gieles}, M.},
	date-added = {2021-12-15 11:23:14 +0100},
	date-modified = {2021-12-15 11:23:16 +0100},
	doi = {10.1051/0004-6361:20065567},
	eprint = {astro-ph/0606749},
	journal = {\aap},
	month = aug,
	pages = {L17-L20},
	title = {{Clusters in the solar neighbourhood: how are they destroyed?}},
	volume = 455,
	year = 2006,
	bdsk-url-1 = {http://dx.doi.org/10.1051/0004-6361:20065567}}

@article{kruijssen20,
	adsnote = {Provided by the SAO/NASA Astrophysics Data System},
	adsurl = {https://ui.adsabs.harvard.edu/abs/2020MNRAS.498.2472K},
	archiveprefix = {arXiv},
	author = {{Kruijssen}, J.~M. Diederik and {Pfeffer}, Joel L. and {Chevance}, M{\'e}lanie and {Bonaca}, Ana and {Trujillo-Gomez}, Sebastian and {Bastian}, Nate and {Reina-Campos}, Marta and {Crain}, Robert A. and {Hughes}, Meghan E.},
	date-added = {2020-10-29 15:12:28 +0100},
	date-modified = {2020-10-29 15:12:31 +0100},
	doi = {10.1093/mnras/staa2452},
	eprint = {2003.01119},
	journal = {\mnras},
	keywords = {Galaxy: formation, globular clusters: general, galaxies: evolution, galaxies: formation, galaxies: haloes, galaxies: star formation, Astrophysics - Astrophysics of Galaxies},
	month = aug,
	number = {2},
	pages = {2472-2491},
	primaryclass = {astro-ph.GA},
	title = {{Kraken reveals itself - the merger history of the Milky Way reconstructed with the E-MOSAICS simulations}},
	volume = {498},
	year = 2020,
	bdsk-url-1 = {https://doi.org/10.1093/mnras/staa2452}}

@article{pfeffer19,
	adsnote = {Provided by the SAO/NASA Astrophysics Data System},
	adsurl = {https://ui.adsabs.harvard.edu/abs/2019MNRAS.487.4550P},
	archiveprefix = {arXiv},
	author = {{Pfeffer}, Joel and {Bastian}, Nate and {Crain}, Robert A. and {Kruijssen}, J.~M. Diederik and {Hughes}, Meghan E. and {Reina-Campos}, Marta},
	date-added = {2020-10-29 15:05:03 +0100},
	date-modified = {2020-10-29 15:05:03 +0100},
	doi = {10.1093/mnras/stz1592},
	eprint = {1906.01755},
	journal = {\mnras},
	keywords = {methods: numerical, stars: formation, globular clusters: general, galaxies: evolution, galaxies: formation, galaxies: star clusters: general, Astrophysics - Astrophysics of Galaxies},
	month = {Aug},
	number = {4},
	pages = {4550-4564},
	primaryclass = {astro-ph.GA},
	title = {{The evolution of the UV luminosity function of globular clusters in the E-MOSAICS simulations}},
	volume = {487},
	year = {2019},
	bdsk-url-1 = {https://doi.org/10.1093/mnras/stz1592}}

@article{trujillogomez20,
	adsnote = {Provided by the SAO/NASA Astrophysics Data System},
	adsurl = {https://ui.adsabs.harvard.edu/abs/2020arXiv200502401T},
	archiveprefix = {arXiv},
	author = {{Trujillo-Gomez}, Sebastian and {Kruijssen}, J.~M. Diederik and {Reina-Campos}, Marta and {Pfeffer}, Joel L. and {Keller}, Benjamin W. and {Crain}, Robert A. and {Bastian}, Nate and {Hughes}, Meghan E.},
	date-added = {2020-10-29 15:04:10 +0100},
	date-modified = {2020-10-29 15:04:10 +0100},
	eid = {arXiv:2005.02401},
	eprint = {2005.02401},
	journal = {\mnras\ submitted},
	keywords = {Astrophysics - Astrophysics of Galaxies},
	month = may,
	pages = {arXiv:2005.02401},
	primaryclass = {astro-ph.GA},
	title = {{The kinematics of globular cluster populations in the E-MOSAICS simulations and their implications for the assembly history of the Milky Way}},
	year = 2020}

@article{reinacampos18,
	adsnote = {Provided by the SAO/NASA Astrophysics Data System},
	adsurl = {http://adsabs.harvard.edu/abs/2018MNRAS.481.2851R},
	archiveprefix = {arXiv},
	author = {{Reina-Campos}, M. and {Kruijssen}, J.~M.~D. and {Pfeffer}, J. and {Bastian}, N. and {Crain}, R.~A.},
	date-added = {2020-10-29 15:02:59 +0100},
	date-modified = {2020-10-29 15:02:59 +0100},
	doi = {10.1093/mnras/sty2451},
	eprint = {1809.03499},
	journal = {\mnras},
	keywords = {stars: formation, globular clusters: general, galaxies: evolution, galaxies: formation, galaxies: star clusters: general},
	month = dec,
	pages = {2851-2857},
	title = {{Dynamical cluster disruption and its implications for multiple population models in the E-MOSAICS simulations}},
	volume = 481,
	year = 2018,
	bdsk-url-1 = {http://dx.doi.org/10.1093/mnras/sty2451}}

@article{larsen20,
	adsnote = {Provided by the SAO/NASA Astrophysics Data System},
	adsurl = {https://ui.adsabs.harvard.edu/abs/2020arXiv201007395L},
	archiveprefix = {arXiv},
	author = {{Larsen}, S.~S. and {Romanowsky}, A.~J. and {Brodie}, J.~P. and {Wasserman}, A.},
	date-added = {2020-10-29 14:54:56 +0100},
	date-modified = {2020-10-29 14:55:26 +0100},
	eid = {arXiv:2010.07395},
	eprint = {2010.07395},
	journal = {Science in press},
	keywords = {Astrophysics - Astrophysics of Galaxies, Astrophysics - Solar and Stellar Astrophysics},
	month = oct,
	pages = {arXiv:2010.07395},
	primaryclass = {astro-ph.GA},
	title = {{An extremely metal-deficient globular cluster in the Andromeda Galaxy}},
	year = 2020}

@article{forbes10,
	adsnote = {Provided by the SAO/NASA Astrophysics Data System},
	adsurl = {http://adsabs.harvard.edu/abs/2010MNRAS.404.1203F},
	archiveprefix = {arXiv},
	author = {{Forbes}, D.~A. and {Bridges}, T.},
	date-added = {2020-10-29 12:10:24 +0100},
	date-modified = {2020-10-29 12:10:24 +0100},
	doi = {10.1111/j.1365-2966.2010.16373.x},
	eprint = {1001.4289},
	journal = {\mnras},
	keywords = {Galaxy: evolution, Galaxy: formation, globular clusters: general, Galaxy: halo},
	month = may,
	pages = {1203-1214},
	primaryclass = {astro-ph.GA},
	title = {{Accreted versus in situ Milky Way globular clusters}},
	volume = 404,
	year = 2010,
	bdsk-url-1 = {http://dx.doi.org/10.1111/j.1365-2966.2010.16373.x}}

@article{marinfranch09,
	adsnote = {Provided by the SAO/NASA Astrophysics Data System},
	adsurl = {http://adsabs.harvard.edu/abs/2009ApJ...694.1498M},
	archiveprefix = {arXiv},
	author = {{Mar{\'{\i}}n-Franch}, A. and {Aparicio}, A. and {Piotto}, G. and {Rosenberg}, A. and {Chaboyer}, B. and {Sarajedini}, A. and {Siegel}, M. and {Anderson}, J. and {Bedin}, L.~R. and {Dotter}, A. and {Hempel}, M. and {King}, I. and {Majewski}, S. and {Milone}, A.~P. and {Paust}, N. and {Reid}, I.~N.},
	date-added = {2020-10-29 12:10:15 +0100},
	date-modified = {2020-10-29 12:10:15 +0100},
	doi = {10.1088/0004-637X/694/2/1498},
	eprint = {0812.4541},
	journal = {\apj},
	keywords = {Galaxy: evolution, Galaxy: formation, globular clusters: general},
	month = apr,
	pages = {1498-1516},
	title = {{The ACS Survey of Galactic Globular Clusters. VII. Relative Ages}},
	volume = 694,
	year = 2009,
	bdsk-url-1 = {http://dx.doi.org/10.1088/0004-637X/694/2/1498}}

@article{dotter10,
	adsnote = {Provided by the SAO/NASA Astrophysics Data System},
	adsurl = {http://adsabs.harvard.edu/abs/2010ApJ...708..698D},
	archiveprefix = {arXiv},
	author = {{Dotter}, A. and {Sarajedini}, A. and {Anderson}, J. and {Aparicio}, A. and {Bedin}, L.~R. and {Chaboyer}, B. and {Majewski}, S. and {Mar{\'{\i}}n-Franch}, A. and {Milone}, A. and {Paust}, N. and {Piotto}, G. and {Reid}, I.~N. and {Rosenberg}, A. and {Siegel}, M.},
	date-added = {2020-10-29 12:10:11 +0100},
	date-modified = {2020-10-29 12:10:11 +0100},
	doi = {10.1088/0004-637X/708/1/698},
	eprint = {0911.2469},
	journal = {\apj},
	keywords = {globular clusters: general},
	month = jan,
	pages = {698-716},
	primaryclass = {astro-ph.SR},
	title = {{The ACS Survey of Galactic Globular Clusters. IX. Horizontal Branch Morphology and the Second Parameter Phenomenon}},
	volume = 708,
	year = 2010,
	bdsk-url-1 = {http://dx.doi.org/10.1088/0004-637X/708/1/698}}

@article{dotter11,
	adsnote = {Provided by the SAO/NASA Astrophysics Data System},
	adsurl = {http://adsabs.harvard.edu/abs/2011ApJ...738...74D},
	archiveprefix = {arXiv},
	author = {{Dotter}, A. and {Sarajedini}, A. and {Anderson}, J.},
	date-added = {2020-10-29 12:10:11 +0100},
	date-modified = {2020-10-29 12:10:11 +0100},
	doi = {10.1088/0004-637X/738/1/74},
	eid = {74},
	eprint = {1106.4307},
	journal = {\apj},
	keywords = {Galaxy: formation, globular clusters: general},
	month = sep,
	pages = {74},
	title = {{Globular Clusters in the Outer Galactic Halo: New Hubble Space Telescope/Advanced Camera for Surveys Imaging of Six Globular Clusters and the Galactic Globular Cluster Age-metallicity Relation}},
	volume = 738,
	year = 2011,
	bdsk-url-1 = {http://dx.doi.org/10.1088/0004-637X/738/1/74}}

@article{vandenberg13,
	adsnote = {Provided by the SAO/NASA Astrophysics Data System},
	adsurl = {http://adsabs.harvard.edu/abs/2013ApJ...775..134V},
	archiveprefix = {arXiv},
	author = {{VandenBerg}, D.~A. and {Brogaard}, K. and {Leaman}, R. and {Casagrande}, L.},
	date-added = {2020-10-29 12:10:06 +0100},
	date-modified = {2020-10-29 12:10:06 +0100},
	doi = {10.1088/0004-637X/775/2/134},
	eid = {134},
	eprint = {1308.2257},
	journal = {\apj},
	keywords = {globular clusters: general, stars: abundances, stars: evolution, stars: interiors, stars: Population II},
	month = oct,
	pages = {134},
	primaryclass = {astro-ph.GA},
	title = {{The Ages of 55 Globular Clusters as Determined Using an Improved $\backslash$Delta V\^{}HB\_TO Method along with Color-Magnitude Diagram Constraints, and Their Implications for Broader Issues}},
	volume = 775,
	year = 2013,
	bdsk-url-1 = {http://dx.doi.org/10.1088/0004-637X/775/2/134}}

@article{helmi:1999,
	adsnote = {Provided by the SAO/NASA Astrophysics Data System},
	adsurl = {https://ui.adsabs.harvard.edu/abs/1999MNRAS.307..495H},
	archiveprefix = {arXiv},
	author = {{Helmi}, Amina and {White}, Simon D.~M.},
	date-added = {2020-10-06 16:06:18 +0200},
	date-modified = {2020-10-06 16:06:22 +0200},
	doi = {10.1046/j.1365-8711.1999.02616.x},
	eprint = {astro-ph/9901102},
	journal = {\mnras},
	keywords = {Astrophysics},
	month = aug,
	number = {3},
	pages = {495-517},
	primaryclass = {astro-ph},
	title = {{Building up the stellar halo of the Galaxy}},
	volume = {307},
	year = 1999,
	bdsk-url-1 = {https://doi.org/10.1046/j.1365-8711.1999.02616.x}}

@article{krumholz:2019,
	adsnote = {Provided by the SAO/NASA Astrophysics Data System},
	adsurl = {https://ui.adsabs.harvard.edu/abs/2019ARA&A..57..227K},
	archiveprefix = {arXiv},
	author = {{Krumholz}, Mark R. and {McKee}, Christopher F. and {Bland -Hawthorn}, Joss},
	date-added = {2020-09-03 16:26:32 +0200},
	date-modified = {2020-09-03 16:26:35 +0200},
	doi = {10.1146/annurev-astro-091918-104430},
	eprint = {1812.01615},
	journal = {\araa},
	keywords = {Astrophysics - Astrophysics of Galaxies, Astrophysics - Solar and Stellar Astrophysics},
	month = aug,
	pages = {227-303},
	primaryclass = {astro-ph.GA},
	title = {{Star Clusters Across Cosmic Time}},
	volume = {57},
	year = 2019,
	bdsk-url-1 = {https://doi.org/10.1146/annurev-astro-091918-104430}}

@article{larsen:2009,
	adsnote = {Provided by the SAO/NASA Astrophysics Data System},
	adsurl = {http://adsabs.harvard.edu/abs/2009A%26A...494..539L},
	archiveprefix = {arXiv},
	author = {{Larsen}, S.~S.},
	date-added = {2020-09-03 16:26:04 +0200},
	date-modified = {2020-09-03 16:26:10 +0200},
	doi = {10.1051/0004-6361:200811212},
	eprint = {0812.1400},
	journal = {\aap},
	keywords = {Galaxy: open clusters and associations: general, galaxies: star clusters, galaxies: spiral},
	month = feb,
	pages = {539-551},
	title = {{The mass function of young star clusters in spiral galaxies}},
	volume = 494,
	year = 2009,
	bdsk-url-1 = {http://dx.doi.org/10.1051/0004-6361:200811212}}

@article{lamers:2010,
	adsnote = {Provided by the SAO/NASA Astrophysics Data System},
	adsurl = {http://adsabs.harvard.edu/abs/2010MNRAS.409..305L},
	archiveprefix = {arXiv},
	author = {{Lamers}, H.~J.~G.~L.~M. and {Baumgardt}, H. and {Gieles}, M.},
	date-added = {2020-09-03 12:04:33 +0200},
	date-modified = {2020-09-03 12:04:35 +0200},
	doi = {10.1111/j.1365-2966.2010.17309.x},
	eprint = {1007.1078},
	journal = {\mnras},
	keywords = {Galaxy: general, globular clusters: general, Galaxy: halo, galaxies: star clusters: general},
	month = nov,
	pages = {305-328},
	primaryclass = {astro-ph.GA},
	title = {{Mass-loss rates and the mass evolution of star clusters}},
	volume = 409,
	year = 2010,
	bdsk-url-1 = {http://dx.doi.org/10.1111/j.1365-2966.2010.17309.x}}

@article{elmegreen:2010b,
	adsnote = {Provided by the SAO/NASA Astrophysics Data System},
	adsurl = {http://adsabs.harvard.edu/abs/2010ApJ...712..604E},
	archiveprefix = {arXiv},
	author = {{Elmegreen}, B.~G. and {Hunter}, D.~A.},
	date-added = {2020-09-03 12:01:34 +0200},
	date-modified = {2020-09-03 12:01:44 +0200},
	doi = {10.1088/0004-637X/712/1/604},
	eprint = {1002.2823},
	journal = {\apj},
	keywords = {galaxies: star clusters: general, galaxies: star formation, open clusters and associations: general},
	month = mar,
	pages = {604-623},
	title = {{On the Disruption of Star Clusters in a Hierarchical Interstellar Medium}},
	volume = 712,
	year = 2010,
	bdsk-url-1 = {http://dx.doi.org/10.1088/0004-637X/712/1/604}}

@article{madau:2020,
	adsnote = {Provided by the SAO/NASA Astrophysics Data System},
	adsurl = {https://ui.adsabs.harvard.edu/abs/2020ApJ...890...18M},
	archiveprefix = {arXiv},
	author = {{Madau}, Piero and {Lupi}, Alessandro and {Diemand}, J{\"u}rg and {Burkert}, Andreas and {Lin}, Douglas N.~C.},
	date-added = {2020-08-21 13:45:31 +0200},
	date-modified = {2020-08-21 13:45:34 +0200},
	doi = {10.3847/1538-4357/ab66c6},
	eid = {18},
	eprint = {1905.08951},
	journal = {\apj},
	keywords = {Astrophysics - Astrophysics of Galaxies, Astrophysics - Cosmology and Nongalactic Astrophysics},
	month = feb,
	number = {1},
	pages = {18},
	primaryclass = {astro-ph.GA},
	title = {{Globular Cluster Formation from Colliding Substructure}},
	volume = {890},
	year = 2020,
	bdsk-url-1 = {https://doi.org/10.3847/1538-4357/ab66c6}}

@article{trenti:2015,
	adsnote = {Provided by the SAO/NASA Astrophysics Data System},
	adsurl = {https://ui.adsabs.harvard.edu/abs/2015ApJ...808L..35T},
	archiveprefix = {arXiv},
	author = {{Trenti}, Michele and {Padoan}, Paolo and {Jimenez}, Raul},
	date-added = {2020-08-21 13:45:11 +0200},
	date-modified = {2020-08-21 13:45:15 +0200},
	doi = {10.1088/2041-8205/808/2/L35},
	eid = {L35},
	eprint = {1502.02670},
	journal = {\apjl},
	keywords = {cosmology: theory, galaxies: general, galaxies: high-redshift, globular clusters: general, Astrophysics - Astrophysics of Galaxies},
	month = aug,
	number = {2},
	pages = {L35},
	primaryclass = {astro-ph.GA},
	title = {{The Relative and Absolute Ages of Old Globular Clusters in the LCDM Framework}},
	volume = {808},
	year = 2015,
	bdsk-url-1 = {https://doi.org/10.1088/2041-8205/808/2/L35}}

@article{ashman:1992,
	adsnote = {Provided by the SAO/NASA Astrophysics Data System},
	adsurl = {https://ui.adsabs.harvard.edu/abs/1992ApJ...384...50A},
	author = {{Ashman}, Keith M. and {Zepf}, Stephen E.},
	date-added = {2020-08-21 13:45:01 +0200},
	date-modified = {2020-08-21 13:45:04 +0200},
	doi = {10.1086/170850},
	journal = {\apj},
	keywords = {Galactic Clusters, Globular Clusters, Star Formation, Disk Galaxies, Elliptical Galaxies, Metallicity, Astrophysics, GALAXIES: ELLIPTICAL AND LENTICULAR, CD, GALAXIES: FORMATION, GALAXIES: INTERACTIONS, GALAXIES: MAGELLANIC CLOUDS, GALAXY: GLOBULAR CLUSTERS: GENERAL},
	month = jan,
	pages = {50},
	title = {{The Formation of Globular Clusters in Merging and Interacting Galaxies}},
	volume = {384},
	year = 1992,
	bdsk-url-1 = {https://doi.org/10.1086/170850}}

@article{brodie:2006,
	adsnote = {Provided by the SAO/NASA Astrophysics Data System},
	adsurl = {http://adsabs.harvard.edu/abs/2006ARA%26A..44..193B},
	author = {{Brodie}, J.~P. and {Strader}, J.},
	date-added = {2020-08-21 13:43:57 +0200},
	date-modified = {2020-08-21 13:44:00 +0200},
	doi = {10.1146/annurev.astro.44.051905.092441},
	eprint = {arXiv:astro-ph/0602601},
	journal = {\araa},
	month = sep,
	pages = {193-267},
	title = {{Extragalactic Globular Clusters and Galaxy Formation}},
	volume = 44,
	year = 2006,
	bdsk-url-1 = {http://dx.doi.org/10.1146/annurev.astro.44.051905.092441}}

@article{peebles:1968,
	adsnote = {Provided by the SAO/NASA Astrophysics Data System},
	adsurl = {http://adsabs.harvard.edu/abs/1968ApJ...154..891P},
	author = {{Peebles}, P.~J.~E. and {Dicke}, R.~H.},
	date-added = {2020-08-21 13:42:33 +0200},
	date-modified = {2020-08-21 13:42:37 +0200},
	doi = {10.1086/149811},
	journal = {\apj},
	month = dec,
	pages = {891},
	title = {{Origin of the Globular Star Clusters}},
	volume = 154,
	year = 1968,
	bdsk-url-1 = {http://dx.doi.org/10.1086/149811}}

@article{fall:1985,
	adsnote = {Provided by the Smithsonian/NASA Astrophysics Data System},
	adsurl = {http://adsabs.harvard.edu/cgi-bin/nph-bib_query?bibcode=1985ApJ...298...18F&db_key=AST},
	author = {{Fall}, S.~M. and {Rees}, M.~J.},
	date-added = {2020-08-21 13:42:27 +0200},
	date-modified = {2020-08-21 13:42:30 +0200},
	doi = {10.1086/163585},
	journal = {\apj},
	month = nov,
	pages = {18-26},
	title = {{A theory for the origin of globular clusters}},
	volume = 298,
	year = 1985,
	bdsk-url-1 = {http://dx.doi.org/10.1086/163585}}

@article{adamo:2020,
	adsnote = {Provided by the SAO/NASA Astrophysics Data System},
	adsurl = {https://ui.adsabs.harvard.edu/abs/2020SSRv..216...69A},
	archiveprefix = {arXiv},
	author = {{Adamo}, Angela and {Zeidler}, Peter and {Kruijssen}, J.~M. Diederik and {Chevance}, M{\'e}lanie and {Gieles}, Mark and {Calzetti}, Daniela and {Charbonnel}, Corinne and {Zinnecker}, Hans and {Krause}, Martin G.~H.},
	date-added = {2020-08-21 13:41:58 +0200},
	date-modified = {2020-08-21 13:42:00 +0200},
	doi = {10.1007/s11214-020-00690-x},
	eid = {69},
	eprint = {2005.06188},
	journal = {\ssr},
	keywords = {Young star clusters, Cluster mass function, Stellar mass function, Resolved and unresolved stellar populations, Galaxy formation, Galaxy evolution, Astrophysics - Astrophysics of Galaxies},
	month = jun,
	number = {4},
	pages = {69},
	primaryclass = {astro-ph.GA},
	title = {{Star Clusters Near and Far; Tracing Star Formation Across Cosmic Time}},
	volume = {216},
	year = 2020,
	bdsk-url-1 = {https://doi.org/10.1007/s11214-020-00690-x}}

@article{forbes:2018,
	adsnote = {Provided by the SAO/NASA Astrophysics Data System},
	adsurl = {http://adsabs.harvard.edu/abs/2018RSPSA.47470616F},
	archiveprefix = {arXiv},
	author = {{Forbes}, D.~A. and {Bastian}, N. and {Gieles}, M. and {Crain}, R.~A. and {Kruijssen}, J.~M.~D. and {Larsen}, S.~S. and {Ploeckinger}, S. and {Agertz}, O. and {Trenti}, M. and {Ferguson}, A.~M.~N. and {Pfeffer}, J. and {Gnedin}, O.~Y.},
	date-added = {2020-08-21 13:41:39 +0200},
	date-modified = {2020-08-21 13:41:43 +0200},
	doi = {10.1098/rspa.2017.0616},
	eprint = {1801.05818},
	journal = {Proc. R. Soc. A},
	month = feb,
	pages = {20170616},
	title = {{Globular cluster formation and evolution in the context of cosmological galaxy assembly: open questions}},
	volume = 474,
	year = 2018,
	bdsk-url-1 = {http://dx.doi.org/10.1098/rspa.2017.0616}}

@article{kruijssen:2014,
	adsnote = {Provided by the SAO/NASA Astrophysics Data System},
	adsurl = {http://adsabs.harvard.edu/abs/2014CQGra..31x4006K},
	archiveprefix = {arXiv},
	author = {{Kruijssen}, J.~M.~D.},
	date-added = {2020-08-21 13:41:28 +0200},
	date-modified = {2020-08-21 13:41:32 +0200},
	doi = {10.1088/0264-9381/31/24/244006},
	eid = {244006},
	eprint = {1407.2953},
	journal = {Classical and Quantum Gravity},
	month = dec,
	number = 24,
	pages = {244006},
	title = {{Globular cluster formation in the context of galaxy formation and evolution}},
	volume = 31,
	year = 2014,
	bdsk-url-1 = {http://dx.doi.org/10.1088/0264-9381/31/24/244006}}

@article{beasley:2019,
	adsnote = {Provided by the SAO/NASA Astrophysics Data System},
	adsurl = {https://ui.adsabs.harvard.edu/abs/2019MNRAS.487.1986B},
	archiveprefix = {arXiv},
	author = {{Beasley}, Michael A. and {Leaman}, Ryan and {Gallart}, Carme and {Larsen}, S{\o}ren S. and {Battaglia}, Giuseppina and {Monelli}, Matteo and {Pedreros}, Mario H.},
	date-added = {2020-08-21 13:40:22 +0200},
	date-modified = {2020-08-21 13:40:25 +0200},
	doi = {10.1093/mnras/stz1349},
	eprint = {1904.01084},
	journal = {\mnras},
	keywords = {galaxies: dwarf, galaxies: individual: Sextans A, galaxies: star clusters: general, Astrophysics - Astrophysics of Galaxies},
	month = aug,
	number = {2},
	pages = {1986-1993},
	primaryclass = {astro-ph.GA},
	title = {{An old, metal-poor globular cluster in Sextans A and the metallicity floor of globular cluster systems}},
	volume = {487},
	year = 2019,
	bdsk-url-1 = {https://doi.org/10.1093/mnras/stz1349}}

@article{elmegreen:1997,
	adsnote = {Provided by the SAO/NASA Astrophysics Data System},
	adsurl = {http://adsabs.harvard.edu/abs/1997ApJ...480..235E},
	author = {{Elmegreen}, B.~G. and {Efremov}, Y.~N.},
	date-added = {2020-08-21 13:39:29 +0200},
	date-modified = {2020-08-21 13:39:32 +0200},
	doi = {10.1086/303966},
	journal = {\apj},
	keywords = {GALAXY: GLOBULAR CLUSTERS: GENERAL, GALAXY: OPEN CLUSTERS AND ASSOCIATIONS: GENERAL, STARS: FORMATION, TURBULENCE},
	month = may,
	pages = {235-+},
	title = {{A Universal Formation Mechanism for Open and Globular Clusters in Turbulent Gas}},
	volume = 480,
	year = 1997,
	bdsk-url-1 = {http://dx.doi.org/10.1086/303966}}

@article{keller:2020,
	adsnote = {Provided by the SAO/NASA Astrophysics Data System},
	adsurl = {https://ui.adsabs.harvard.edu/abs/2020MNRAS.495.4248K},
	archiveprefix = {arXiv},
	author = {{Keller}, Benjamin W. and {Kruijssen}, J.~M. Diederik and {Pfeffer}, Joel and {Reina-Campos}, Marta and {Bastian}, Nate and {Trujillo-Gomez}, Sebastian and {Hughes}, Meghan E. and {Crain}, Robert A.},
	date-added = {2020-08-21 13:29:40 +0200},
	date-modified = {2020-08-21 13:29:43 +0200},
	doi = {10.1093/mnras/staa1439},
	eprint = {2005.05342},
	journal = {\mnras},
	keywords = {galaxies: evolution, galaxies: formation, galaxies: haloes, galaxies: star clusters: general, galaxies: star formation, Astrophysics - Astrophysics of Galaxies},
	month = may,
	number = {4},
	pages = {4248-4267},
	primaryclass = {astro-ph.GA},
	title = {{Where did the globular clusters of the Milky Way form? Insights from the E-MOSAICS simulations}},
	volume = {495},
	year = 2020,
	bdsk-url-1 = {https://doi.org/10.1093/mnras/staa1439}}

@article{elmegreen:2010,
	adsnote = {Provided by the SAO/NASA Astrophysics Data System},
	adsurl = {http://adsabs.harvard.edu/abs/2010ApJ...712L.184E},
	archiveprefix = {arXiv},
	author = {{Elmegreen}, B.~G.},
	date-added = {2020-08-21 13:29:28 +0200},
	date-modified = {2020-08-21 13:29:33 +0200},
	doi = {10.1088/2041-8205/712/2/L184},
	eprint = {1003.0798},
	journal = {\apjl},
	keywords = {galaxies: formation, galaxies: starburst, globular clusters: general, stars: formation},
	month = apr,
	pages = {L184-L188},
	title = {{The Globular Cluster Mass Function as a Remnant of Violent Birth}},
	volume = 712,
	year = 2010,
	bdsk-url-1 = {http://dx.doi.org/10.1088/2041-8205/712/2/L184}}

@article{kravtsov:2005,
	adsnote = {Provided by the Smithsonian/NASA Astrophysics Data System},
	adsurl = {http://adsabs.harvard.edu/cgi-bin/nph-bib_query?bibcode=2005ApJ...623..650K&db_key=AST},
	author = {{Kravtsov}, A.~V. and {Gnedin}, O.~Y.},
	date-added = {2020-08-21 13:29:17 +0200},
	date-modified = {2020-08-21 13:29:22 +0200},
	doi = {10.1086/428636},
	eprint = {astro-ph/0305199},
	journal = {\apj},
	month = apr,
	pages = {650-665},
	title = {{Formation of Globular Clusters in Hierarchical Cosmology}},
	volume = 623,
	year = 2005,
	bdsk-url-1 = {http://dx.doi.org/10.1086/428636}}

@article{webb:2019,
	adsnote = {Provided by the SAO/NASA Astrophysics Data System},
	adsurl = {https://ui.adsabs.harvard.edu/abs/2019MNRAS.488.5748W},
	archiveprefix = {arXiv},
	author = {{Webb}, Jeremy J. and {Bovy}, Jo and {Carlberg}, Raymond G. and {Gieles}, Mark},
	date-added = {2020-08-21 13:20:38 +0200},
	date-modified = {2020-08-21 13:20:42 +0200},
	doi = {10.1093/mnras/stz2118},
	eprint = {1907.13132},
	journal = {\mnras},
	keywords = {galaxies: star clusters: general, galaxies: structure, dark matter, Astrophysics - Astrophysics of Galaxies},
	month = oct,
	number = {4},
	pages = {5748-5762},
	primaryclass = {astro-ph.GA},
	title = {{Modelling the effects of dark matter substructure on globular cluster evolution with the tidal approximation}},
	volume = {488},
	year = 2019,
	bdsk-url-1 = {https://doi.org/10.1093/mnras/stz2118}}

@article{roederer:2019,
	adsnote = {Provided by the SAO/NASA Astrophysics Data System},
	adsurl = {https://ui.adsabs.harvard.edu/abs/2019ApJ...883...84R},
	archiveprefix = {arXiv},
	author = {{Roederer}, Ian U. and {Gnedin}, Oleg Y.},
	date-added = {2020-08-03 16:48:54 +0200},
	date-modified = {2020-08-03 16:49:00 +0200},
	doi = {10.3847/1538-4357/ab365c},
	eid = {84},
	eprint = {1907.03772},
	journal = {\apj},
	keywords = {dwarf galaxies: 416, globular star clusters: 656, nucleosynthesis: 1131, Population II stars, Stellar abundances, Astrophysics - Astrophysics of Galaxies, Astrophysics - Solar and Stellar Astrophysics},
	month = sep,
	number = {1},
	pages = {84},
	primaryclass = {astro-ph.GA},
	title = {{High-resolution Optical Spectroscopy of Stars in the Sylgr Stellar Stream}},
	volume = {883},
	year = 2019,
	bdsk-url-1 = {https://doi.org/10.3847/1538-4357/ab365c}}

@article{ma16,
	adsnote = {Provided by the SAO/NASA Astrophysics Data System},
	adsurl = {https://ui.adsabs.harvard.edu/abs/2016MNRAS.456.2140M},
	archiveprefix = {arXiv},
	author = {{Ma}, Xiangcheng and {Hopkins}, Philip F. and {Faucher-Gigu{\`e}re}, Claude-Andr{\'e} and {Zolman}, Nick and {Muratov}, Alexander L. and {Kere{\v{s}}}, Du{\v{s}}an and {Quataert}, Eliot},
	date-added = {2020-08-03 15:18:51 +0200},
	date-modified = {2020-08-03 15:18:53 +0200},
	doi = {10.1093/mnras/stv2659},
	eprint = {1504.02097},
	journal = {\mnras},
	keywords = {galaxies: evolution, galaxies: formation, cosmology: theory, Astrophysics - Astrophysics of Galaxies, Astrophysics - Cosmology and Nongalactic Astrophysics},
	month = feb,
	number = {2},
	pages = {2140-2156},
	primaryclass = {astro-ph.GA},
	title = {{The origin and evolution of the galaxy mass-metallicity relation}},
	volume = {456},
	year = 2016,
	bdsk-url-1 = {https://doi.org/10.1093/mnras/stv2659}}

@article{kruijssen19c,
	adsnote = {Provided by the SAO/NASA Astrophysics Data System},
	adsurl = {https://ui.adsabs.harvard.edu/abs/2019MNRAS.486L..20K},
	archiveprefix = {arXiv},
	author = {{Kruijssen}, J.~M. Diederik},
	date-added = {2020-08-03 15:16:55 +0200},
	date-modified = {2020-08-03 15:16:58 +0200},
	doi = {10.1093/mnrasl/slz052},
	eprint = {1904.09987},
	journal = {\mnras},
	keywords = {globular clusters: general, galaxies: evolution, galaxies: formation, galaxies: haloes, galaxies: star formation, Astrophysics - Astrophysics of Galaxies},
	month = jun,
	number = {1},
	pages = {L20-L25},
	primaryclass = {astro-ph.GA},
	title = {{The minimum metallicity of globular clusters and its physical origin - implications for the galaxy mass-metallicity relation and observations of proto-globular clusters at high redshift}},
	volume = {486},
	year = 2019,
	bdsk-url-1 = {https://doi.org/10.1093/mnrasl/slz052}}

@article{wan20,
	adsnote = {Provided by the SAO/NASA Astrophysics Data System},
	adsurl = {https://ui.adsabs.harvard.edu/abs/2020arXiv200714577W},
	archiveprefix = {arXiv},
	author = {{Wan}, Zhen and {Lewis}, Geraint F. and {Li}, Ting S. and {Simpson}, Jeffrey D. and {Martell}, Sarah L. and {Zucker}, Daniel B. and {Mould}, Jeremy R. and {Erkal}, Denis and {Pace}, Andrew B. and {Mackey}, Dougal and {Ji}, Alexander P. and {Koposov}, Sergey E. and {Kuehn}, Kyler and {Shipp}, Nora and {Balbinot}, Eduardo and {Bland -Hawthorn}, Joss and {Casey}, Andrew R. and {Da Costa}, Gary S. and {Kafle}, Prajwal and {Sharma}, Sanjib and {De Silva}, Gayandhi M.},
	date-added = {2020-08-03 15:07:18 +0200},
	date-modified = {2020-08-03 15:07:47 +0200},
	eid = {arXiv:2007.14577},
	eprint = {2007.14577},
	journal = {\nat},
	keywords = {Astrophysics - Astrophysics of Galaxies},
	month = jul,
	pages = {768},
	primaryclass = {astro-ph.GA},
	title = {{The tidal remnant of an unusually metal-poor globular cluster}},
	volume = {583},
	year = 2020}

@article{kruijssen20b,
	adsnote = {Provided by the SAO/NASA Astrophysics Data System},
	adsurl = {https://ui.adsabs.harvard.edu/abs/2020Natur.583..687K},
	author = {{Kruijssen}, J.~M. Diederik},
	date-added = {2020-08-03 14:59:35 +0200},
	date-modified = {2020-08-03 14:59:38 +0200},
	doi = {10.1038/d41586-020-02046-5},
	journal = {\nat},
	month = jul,
	number = {7818},
	pages = {687-688},
	title = {{The Phoenix stellar stream rose from the ashes of an ancient star cluster}},
	volume = {583},
	year = 2020,
	bdsk-url-1 = {https://doi.org/10.1038/d41586-020-02046-5}}

@article{dinescu99,
	adsnote = {Provided by the SAO/NASA Astrophysics Data System},
	adsurl = {http://adsabs.harvard.edu/abs/1999AJ....117.1792D},
	author = {{Dinescu}, D.~I. and {Girard}, T.~M. and {van Altena}, W.~F.},
	date-added = {2020-07-24 13:21:11 +0200},
	date-modified = {2020-07-24 13:21:11 +0200},
	doi = {10.1086/300807},
	journal = {\aj},
	keywords = {GALAXY: HALO, GALAXY: STRUCTURE, GALAXY: GLOBULAR CLUSTERS: GENERAL},
	month = apr,
	pages = {1792-1815},
	title = {{Space Velocities of Globular Clusters. III. Cluster Orbits and Halo Substructure}},
	volume = 117,
	year = 1999,
	bdsk-url-1 = {http://dx.doi.org/10.1086/300807}}

@article{harris96,
	adsnote = {Provided by the Smithsonian/NASA Astrophysics Data System},
	adsurl = {http://adsabs.harvard.edu/cgi-bin/nph-bib_query?bibcode=1996AJ....112.1487H&db_key=AST},
	author = {{Harris}, W.~E.},
	date-added = {2020-07-24 12:53:30 +0200},
	date-modified = {2020-07-24 12:53:30 +0200},
	doi = {10.1086/118116},
	journal = {\aj},
	month = oct,
	pages = {1487-+},
	title = {{A Catalog of Parameters for Globular Clusters in the Milky Way}},
	volume = 112,
	year = 1996,
	bdsk-url-1 = {http://dx.doi.org/10.1086/118116}}

@article{kruijssen19e,
	author = {{Kruijssen}, J.~M.~D. and {Pfeffer}, J.~L. and {Reina-Campos}, M. and {Crain}, R.~A. and {Bastian}, N.},
	date-added = {2020-06-03 14:42:08 +0200},
	date-modified = {2020-06-03 14:42:08 +0200},
	journal = {\mnras},
	keywords = {Astrophysics - Galaxy Astrophysics},
	month = Jul,
	pages = {3180},
	title = {{The formation and assembly history of the Milky Way revealed by its globular cluster population}},
	volume = {486},
	year = 2019}

@article{kruijssen09,
	adsnote = {Provided by the SAO/NASA Astrophysics Data System},
	adsurl = {http://adsabs.harvard.edu/abs/2009A%26A...500..785K},
	archiveprefix = {arXiv},
	author = {{Kruijssen}, J.~M.~D. and {Mieske}, S.},
	date-added = {2020-06-03 14:34:47 +0200},
	date-modified = {2020-06-03 14:34:47 +0200},
	doi = {10.1051/0004-6361/200811453},
	eprint = {0903.4683},
	journal = {\aap},
	keywords = {Galaxy: globular clusters: general, Galaxy: stellar content, galaxies: star clusters},
	month = jun,
	pages = {785-799},
	title = {{Dissolution is the solution: on the reduced mass-to-light ratios of Galactic globular clusters}},
	volume = 500,
	year = 2009,
	bdsk-url-1 = {http://dx.doi.org/10.1051/0004-6361/200811453}}

@article{kroupa01,
	adsnote = {Provided by the Smithsonian/NASA Astrophysics Data System},
	adsurl = {http://adsabs.harvard.edu/cgi-bin/nph-bib_query?bibcode=2001MNRAS.322..231K&db_key=AST},
	author = {{Kroupa}, P.},
	date-added = {2020-06-03 13:58:33 +0200},
	date-modified = {2020-06-03 13:58:33 +0200},
	eprint = {astro-ph/0009005},
	journal = {\mnras},
	month = apr,
	pages = {231-246},
	title = {{On the variation of the initial mass function}},
	volume = 322,
	year = 2001}

@article{kruijssen08,
	adsnote = {Provided by the SAO/NASA Astrophysics Data System},
	adsurl = {http://adsabs.harvard.edu/abs/2008A%26A...490..151K},
	archiveprefix = {arXiv},
	author = {{Kruijssen}, J.~M.~D. and {Lamers}, H.~J.~G.~L.~M.},
	date-added = {2020-06-03 13:58:33 +0200},
	date-modified = {2020-06-03 13:58:33 +0200},
	doi = {10.1051/0004-6361:200810167},
	eprint = {0809.0307},
	journal = {\aap},
	keywords = {Galaxy: globular clusters: general, Galaxy: open clusters and associations: general, galaxies: star clusters, galaxies: stellar content, methods: numerical},
	month = oct,
	pages = {151-171},
	title = {{The photometric evolution of star clusters and the preferential loss of low-mass bodies - with an application to globular clusters}},
	volume = 490,
	year = 2008,
	bdsk-url-1 = {http://dx.doi.org/10.1051/0004-6361:200810167}}

@article{baumgardt03,
	adsnote = {Provided by the Smithsonian/NASA Astrophysics Data System},
	adsurl = {http://adsabs.harvard.edu/cgi-bin/nph-bib_query?bibcode=2003MNRAS.340..227B&db_key=AST},
	author = {{Baumgardt}, H. and {Makino}, J.},
	date-added = {2020-06-03 13:44:43 +0200},
	date-modified = {2020-06-03 13:44:43 +0200},
	doi = {10.1046/j.1365-8711.2003.06286.x},
	journal = {\mnras},
	month = mar,
	pages = {227-246},
	title = {{Dynamical evolution of star clusters in tidal fields}},
	volume = 340,
	year = 2003,
	bdsk-url-1 = {http://dx.doi.org/10.1046/j.1365-8711.2003.06286.x}}

@article{miholics17,
	adsnote = {Provided by the SAO/NASA Astrophysics Data System},
	adsurl = {http://adsabs.harvard.edu/abs/2017MNRAS.470.1421M},
	archiveprefix = {arXiv},
	author = {{Miholics}, M. and {Kruijssen}, J.~M.~D. and {Sills}, A.},
	date-added = {2020-06-03 13:40:35 +0200},
	date-modified = {2020-06-03 13:40:35 +0200},
	doi = {10.1093/mnras/stx1312},
	eprint = {1705.10803},
	journal = {\mnras},
	keywords = {galaxies: evolution, galaxies: ISM, galaxies: kinematics and dynamics, galaxies: star clusters: general, galaxies: star formation, galaxies: stellar content},
	month = sep,
	pages = {1421-1435},
	title = {{A tight relation between the age distributions of stellar clusters and the properties of the interstellar medium in the host galaxy}},
	volume = 470,
	year = 2017,
	bdsk-url-1 = {http://dx.doi.org/10.1093/mnras/stx1312}}

@article{pfeffer:2018,
	adsnote = {Provided by the SAO/NASA Astrophysics Data System},
	adsurl = {http://adsabs.harvard.edu/abs/2018MNRAS.475.4309P},
	archiveprefix = {arXiv},
	author = {{Pfeffer}, J. and {Kruijssen}, J.~M.~D. and {Crain}, R.~A. and {Bastian}, N.},
	date-added = {2020-06-03 13:39:51 +0200},
	date-modified = {2020-08-03 15:19:28 +0200},
	doi = {10.1093/mnras/stx3124},
	eprint = {1712.00019},
	journal = {\mnras},
	keywords = {methods: numerical, stars: formation, globular clusters: general, galaxies: evolution, galaxies: formation, galaxies: star clusters: general},
	month = apr,
	pages = {4309-4346},
	title = {{The E-MOSAICS project: simulating the formation and co-evolution of galaxies and their star cluster populations}},
	volume = 475,
	year = 2018,
	bdsk-url-1 = {http://dx.doi.org/10.1093/mnras/stx3124}}

@article{gieles06,
	adsnote = {Provided by the Smithsonian/NASA Astrophysics Data System},
	adsurl = {http://adsabs.harvard.edu/cgi-bin/nph-bib_query?bibcode=2006MNRAS.371..793G&db_key=AST},
	author = {{Gieles}, M. and {Portegies Zwart}, S.~F. and {Baumgardt}, H. and {Athanassoula}, E. and {Lamers}, H.~J.~G.~L.~M. and {Sipior}, M. and {Leenaarts}, J.},
	date-added = {2020-06-03 13:39:47 +0200},
	date-modified = {2020-06-03 13:39:47 +0200},
	doi = {10.1111/j.1365-2966.2006.10711.x},
	eprint = {astro-ph/0606451},
	journal = {\mnras},
	month = sep,
	pages = {793-804},
	title = {{Star cluster disruption by giant molecular clouds}},
	volume = 371,
	year = 2006,
	bdsk-url-1 = {http://dx.doi.org/10.1111/j.1365-2966.2006.10711.x}}

@article{kruijssen11,
	adsnote = {Provided by the SAO/NASA Astrophysics Data System},
	adsurl = {http://adsabs.harvard.edu/abs/2011MNRAS.414.1339K},
	archiveprefix = {arXiv},
	author = {{Kruijssen}, J.~M.~D. and {Pelupessy}, F.~I. and {Lamers}, H.~J.~G.~L.~M. and {Portegies Zwart}, S.~F. and {Icke}, V.},
	date-added = {2020-06-03 13:39:41 +0200},
	date-modified = {2020-06-03 13:39:41 +0200},
	doi = {10.1111/j.1365-2966.2011.18467.x},
	eprint = {1102.1013},
	journal = {\mnras},
	keywords = {galaxies: evolution, galaxies: interactions, galaxies: kinematics and dynamics, galaxies: starburst, galaxies: star clusters: general, galaxies: stellar content},
	month = jun,
	pages = {1339-1364},
	primaryclass = {astro-ph.CO},
	title = {{Modelling the formation and evolution of star cluster populations in galaxy simulations}},
	volume = 414,
	year = 2011,
	bdsk-url-1 = {http://dx.doi.org/10.1111/j.1365-2966.2011.18467.x}}

@article{kruijssen15b,
	adsnote = {Provided by the SAO/NASA Astrophysics Data System},
	adsurl = {http://adsabs.harvard.edu/abs/2015MNRAS.454.1658K},
	archiveprefix = {arXiv},
	author = {{Kruijssen}, J.~M.~D.},
	date-added = {2020-06-03 13:39:41 +0200},
	date-modified = {2020-06-03 13:39:41 +0200},
	doi = {10.1093/mnras/stv2026},
	eprint = {1509.02163},
	journal = {\mnras},
	keywords = {stars: formation, globular clusters: general, galaxies: evolution, galaxies: formation, galaxies: haloes},
	month = dec,
	pages = {1658-1686},
	title = {{Globular clusters as the relics of regular star formation in `normal' high-redshift galaxies}},
	volume = 454,
	year = 2015,
	bdsk-url-1 = {http://dx.doi.org/10.1093/mnras/stv2026}}

@article{lamers05,
	adsnote = {Provided by the Smithsonian/NASA Astrophysics Data System},
	adsurl = {http://adsabs.harvard.edu/cgi-bin/nph-bib_query?bibcode=2005A%26A...441..117L&db_key=AST},
	author = {{Lamers}, H.~J.~G.~L.~M. and {Gieles}, M. and {Bastian}, N. and {Baumgardt}, H. and {Kharchenko}, N.~V. and {Portegies Zwart}, S.},
	date-added = {2020-06-03 13:32:22 +0200},
	date-modified = {2020-06-03 13:32:28 +0200},
	doi = {10.1051/0004-6361:20042241},
	journal = {\aap},
	month = oct,
	pages = {117-129},
	title = {{An analytical description of the disruption of star clusters in tidal fields with an application to Galactic open clusters}},
	volume = 441,
	year = {2005},
	bdsk-url-1 = {http://dx.doi.org/10.1051/0004-6361:20042241}}

@article{astropy,
	adsnote = {Provided by the SAO/NASA Astrophysics Data System},
	adsurl = {http://adsabs.harvard.edu/abs/2013A%26A...558A..33A},
	archiveprefix = {arXiv},
	author = {{Astropy Collaboration} and {Robitaille}, T.~P. and {Tollerud}, E.~J. and {Greenfield}, P. and {Droettboom}, M. and {Bray}, E. and {Aldcroft}, T. and {Davis}, M. and {Ginsburg}, A. and {Price-Whelan}, A.~M. and {Kerzendorf}, W.~E. and {Conley}, A. and {Crighton}, N. and {Barbary}, K. and {Muna}, D. and {Ferguson}, H. and {Grollier}, F. and {Parikh}, M.~M. and {Nair}, P.~H. and {Unther}, H.~M. and {Deil}, C. and {Woillez}, J. and {Conseil}, S. and {Kramer}, R. and {Turner}, J.~E.~H. and {Singer}, L. and {Fox}, R. and {Weaver}, B.~A. and {Zabalza}, V. and {Edwards}, Z.~I. and {Azalee Bostroem}, K. and {Burke}, D.~J. and {Casey}, A.~R. and {Crawford}, S.~M. and {Dencheva}, N. and {Ely}, J. and {Jenness}, T. and {Labrie}, K. and {Lim}, P.~L. and {Pierfederici}, F. and {Pontzen}, A. and {Ptak}, A. and {Refsdal}, B. and {Servillat}, M. and {Streicher}, O.},
	doi = {10.1051/0004-6361/201322068},
	eid = {A33},
	eprint = {1307.6212},
	journal = {\aap},
	keywords = {methods: data analysis, methods: miscellaneous, virtual observatory tools},
	month = oct,
	pages = {A33},
	primaryclass = {astro-ph.IM},
	title = {{Astropy: A community Python package for astronomy}},
	volume = 558,
	year = 2013,
	bdsk-url-1 = {https://dx.doi.org/10.1051/0004-6361/201322068}}

@article{mpl,
	adsnote = {Provided by the SAO/NASA Astrophysics Data System},
	adsurl = {http://adsabs.harvard.edu/abs/2007CSE.....9...90H},
	author = {{Hunter}, J.~D.},
	doi = {10.1109/MCSE.2007.55},
	journal = {Computing in Science and Engineering},
	keywords = {Python, Scripting languages, Application development, Scientific programming},
	month = may,
	pages = {90-95},
	title = {{Matplotlib: A 2D Graphics Environment}},
	volume = 9,
	year = 2007,
	bdsk-url-1 = {https://dx.doi.org/10.1109/MCSE.2007.55}}

@article{numpy,
	acmid = {1957466},
	address = {Piscataway, NJ, USA},
	author = {Walt, Stefan van der and Colbert, S. Chris and Varoquaux, Gael},
	doi = {10.1109/MCSE.2011.37},
	issn = {1521-9615},
	issue_date = {March 2011},
	journal = {Computing in Science and Engg.},
	keywords = {NumPy, Python, Python, NumPy, scientific programming, numerical computations, programming libraries, numerical computations, programming libraries, scientific programming},
	month = mar,
	number = {2},
	numpages = {9},
	pages = {22--30},
	publisher = {IEEE Educational Activities Department},
	title = {The NumPy Array: A Structure for Efficient Numerical Computation},
	url = {http://dx.doi.org/10.1109/MCSE.2011.37},
	volume = {13},
	year = {2011},
	bdsk-url-1 = {http://dx.doi.org/10.1109/MCSE.2011.37}}

@misc{scipy,
	author = {Eric Jones and Travis Oliphant and Pearu Peterson and others},
	title = {{SciPy}: Open source scientific tools for {Python}},
	url = {http://www.scipy.org/},
	year = {2001--},
	bdsk-url-1 = {http://www.scipy.org/}}

@article{gala,
	adsnote = {Provided by the SAO/NASA Astrophysics Data System},
	adsurl = {http://adsabs.harvard.edu/abs/2017JOSS....2..388P},
	author = {{Price-Whelan}, A.~M.},
	doi = {10.21105/joss.00388},
	eid = {388},
	journal = {The Journal of Open Source Software},
	keywords = {galactic dynamics, python, stellar kinematics},
	month = oct,
	pages = {388},
	title = {{Gala: A Python package for galactic dynamics}},
	volume = 2,
	year = 2017,
	bdsk-url-1 = {https://dx.doi.org/10.21105/joss.00388}}

@article{ipython,
	author = {P\'erez, Fernando and Granger, Brian E.},
	date-added = {2017-08-04 07:38:09 +0000},
	date-modified = {2017-08-04 07:38:09 +0000},
	doi = {10.1109/MCSE.2007.53},
	issn = {1521-9615},
	journal = {Computing in Science and Engineering},
	month = may,
	number = {3},
	pages = {21--29},
	publisher = {IEEE Computer Society},
	title = {{IP}ython: a System for Interactive Scientific Computing},
	url = {http://ipython.org},
	volume = {9},
	year = 2007,
	bdsk-url-1 = {http://ipython.org},
	bdsk-url-2 = {http://dx.doi.org/10.1109/MCSE.2007.53}}

@article{astropy:2018,
	adsnote = {Provided by the SAO/NASA Astrophysics Data System},
	adsurl = {https://ui.adsabs.harvard.edu/#abs/2018AJ....156..123T},
	author = {{Price-Whelan}, A.~M. and {Sip{\'{o}}cz}, B.~M. and {G{\"u}nther}, H.~M. and {Lim}, P.~L. and {Crawford}, S.~M. and {Conseil}, S. and {Shupe}, D.~L. and {Craig}, M.~W. and {Dencheva}, N. and {Ginsburg}, A. and {VanderPlas}, J.~T. and {Bradley}, L.~D. and {P{\'e}rez-Su{\'a}rez}, D. and {de Val-Borro}, M. and {Paper Contributors}, (Primary and {Aldcroft}, T.~L. and {Cruz}, K.~L. and {Robitaille}, T.~P. and {Tollerud}, E.~J. and {Coordination Committee}, (Astropy and {Ardelean}, C. and {Babej}, T. and {Bach}, Y.~P. and {Bachetti}, M. and {Bakanov}, A.~V. and {Bamford}, S.~P. and {Barentsen}, G. and {Barmby}, P. and {Baumbach}, A. and {Berry}, K.~L. and {Biscani}, F. and {Boquien}, M. and {Bostroem}, K.~A. and {Bouma}, L.~G. and {Brammer}, G.~B. and {Bray}, E.~M. and {Breytenbach}, H. and {Buddelmeijer}, H. and {Burke}, D.~J. and {Calderone}, G. and {Cano Rodr{\'\i}guez}, J.~L. and {Cara}, M. and {Cardoso}, J.~V.~M. and {Cheedella}, S. and {Copin}, Y. and {Corrales}, L. and {Crichton}, D. and {D{\textquoteright}Avella}, D. and {Deil}, C. and {Depagne}, {\'E}. and {Dietrich}, J.~P. and {Donath}, A. and {Droettboom}, M. and {Earl}, N. and {Erben}, T. and {Fabbro}, S. and {Ferreira}, L.~A. and {Finethy}, T. and {Fox}, R.~T. and {Garrison}, L.~H. and {Gibbons}, S.~L.~J. and {Goldstein}, D.~A. and {Gommers}, R. and {Greco}, J.~P. and {Greenfield}, P. and {Groener}, A.~M. and {Grollier}, F. and {Hagen}, A. and {Hirst}, P. and {Homeier}, D. and {Horton}, A.~J. and {Hosseinzadeh}, G. and {Hu}, L. and {Hunkeler}, J.~S. and {Ivezi{\'c}}, {\v{Z}}. and {Jain}, A. and {Jenness}, T. and {Kanarek}, G. and {Kendrew}, S. and {Kern}, N.~S. and {Kerzendorf}, W.~E. and {Khvalko}, A. and {King}, J. and {Kirkby}, D. and {Kulkarni}, A.~M. and {Kumar}, A. and {Lee}, A. and {Lenz}, D. and {Littlefair}, S.~P. and {Ma}, Z. and {Macleod}, D.~M. and {Mastropietro}, M. and {McCully}, C. and {Montagnac}, S. and {Morris}, B.~M. and {Mueller}, M. and {Mumford}, S.~J. and {Muna}, D. and {Murphy}, N.~A. and {Nelson}, S. and {Nguyen}, G.~H. and {Ninan}, J.~P. and {N{\"o}the}, M. and {Ogaz}, S. and {Oh}, S. and {Parejko}, J.~K. and {Parley}, N. and {Pascual}, S. and {Patil}, R. and {Patil}, A.~A. and {Plunkett}, A.~L. and {Prochaska}, J.~X. and {Rastogi}, T. and {Reddy Janga}, V. and {Sabater}, J. and {Sakurikar}, P. and {Seifert}, M. and {Sherbert}, L.~E. and {Sherwood-Taylor}, H. and {Shih}, A.~Y. and {Sick}, J. and {Silbiger}, M.~T. and {Singanamalla}, S. and {Singer}, L.~P. and {Sladen}, P.~H. and {Sooley}, K.~A. and {Sornarajah}, S. and {Streicher}, O. and {Teuben}, P. and {Thomas}, S.~W. and {Tremblay}, G.~R. and {Turner}, J.~E.~H. and {Terr{\'o}n}, V. and {van Kerkwijk}, M.~H. and {de la Vega}, A. and {Watkins}, L.~L. and {Weaver}, B.~A. and {Whitmore}, J.~B. and {Woillez}, J. and {Zabalza}, V. and {Contributors}, (Astropy},
	doi = {10.3847/1538-3881/aabc4f},
	eid = {123},
	journal = {\aj},
	keywords = {methods: data analysis, methods: miscellaneous, methods: statistical, reference systems, Astrophysics - Instrumentation and Methods for Astrophysics},
	month = Sep,
	pages = {123},
	primaryclass = {astro-ph.IM},
	title = {{The Astropy Project: Building an Open-science Project and Status of the v2.0 Core Package}},
	volume = {156},
	year = 2018,
	bdsk-url-1 = {https://doi.org/10.3847/1538-3881/aabc4f}}

@article{koposov:2010,
	adsnote = {Provided by the SAO/NASA Astrophysics Data System},
	adsurl = {https://ui.adsabs.harvard.edu/abs/2010ApJ...712..260K},
	archiveprefix = {arXiv},
	author = {{Koposov}, Sergey E. and {Rix}, Hans-Walter and {Hogg}, David W.},
	doi = {10.1088/0004-637X/712/1/260},
	eprint = {0907.1085},
	journal = {\apj},
	keywords = {Galaxy: fundamental parameters, Galaxy: halo, Galaxy: kinematics and dynamics, methods: statistical, stars: kinematics and dynamics, surveys, Astrophysics - Galaxy Astrophysics, Astrophysics - Cosmology and Extragalactic Astrophysics},
	month = mar,
	number = {1},
	pages = {260-273},
	primaryclass = {astro-ph.GA},
	title = {{Constraining the Milky Way Potential with a Six-Dimensional Phase-Space Map of the GD-1 Stellar Stream}},
	volume = {712},
	year = 2010,
	bdsk-url-1 = {https://doi.org/10.1088/0004-637X/712/1/260}}

@article{kupper:2012,
	adsnote = {Provided by the SAO/NASA Astrophysics Data System},
	adsurl = {https://ui.adsabs.harvard.edu/abs/2012MNRAS.420.2700K},
	archiveprefix = {arXiv},
	author = {{K{\"u}pper}, Andreas H.~W. and {Lane}, Richard R. and {Heggie}, Douglas C.},
	doi = {10.1111/j.1365-2966.2011.20242.x},
	eprint = {1111.5013},
	journal = {\mnras},
	keywords = {methods: numerical, globular clusters: general, Galaxy: kinematics and dynamics, galaxies: star clusters: general, Astrophysics - Astrophysics of Galaxies, Astrophysics - Solar and Stellar Astrophysics},
	month = mar,
	number = {3},
	pages = {2700-2714},
	primaryclass = {astro-ph.GA},
	title = {{More on the structure of tidal tails}},
	volume = {420},
	year = 2012,
	bdsk-url-1 = {https://doi.org/10.1111/j.1365-2966.2011.20242.x}}

@article{riley:2020,
	adsnote = {Provided by the SAO/NASA Astrophysics Data System},
	adsurl = {https://ui.adsabs.harvard.edu/abs/2020MNRAS.494..983R},
	archiveprefix = {arXiv},
	author = {{Riley}, Alexander H. and {Strigari}, Louis E.},
	doi = {10.1093/mnras/staa710},
	eprint = {2001.11564},
	journal = {\mnras},
	keywords = {galaxies: formation, galaxies: kinematics and dynamics, Local Group, Astrophysics - Astrophysics of Galaxies, Astrophysics - Cosmology and Nongalactic Astrophysics},
	month = mar,
	number = {1},
	pages = {983-1001},
	primaryclass = {astro-ph.GA},
	title = {{The Milky Way's stellar streams and globular clusters do not align in a Vast Polar Structure}},
	volume = {494},
	year = 2020,
	bdsk-url-1 = {https://doi.org/10.1093/mnras/staa710}}

@article{bh:2018,
	adsnote = {Provided by the SAO/NASA Astrophysics Data System},
	adsurl = {https://ui.adsabs.harvard.edu/abs/2018ApJ...867..101B},
	archiveprefix = {arXiv},
	author = {{Bonaca}, Ana and {Hogg}, David W.},
	doi = {10.3847/1538-4357/aae4da},
	eid = {101},
	eprint = {1804.06854},
	journal = {\apj},
	keywords = {dark matter, Galaxy: halo, Galaxy: kinematics and dynamics, methods: statistical, Astrophysics - Astrophysics of Galaxies},
	month = nov,
	number = {2},
	pages = {101},
	primaryclass = {astro-ph.GA},
	title = {{The Information Content in Cold Stellar Streams}},
	volume = {867},
	year = 2018,
	bdsk-url-1 = {https://doi.org/10.3847/1538-4357/aae4da}}

@article{mateu:2018,
	adsnote = {Provided by the SAO/NASA Astrophysics Data System},
	adsurl = {https://ui.adsabs.harvard.edu/abs/2018MNRAS.474.4112M},
	archiveprefix = {arXiv},
	author = {{Mateu}, Cecilia and {Read}, Justin I. and {Kawata}, Daisuke},
	doi = {10.1093/mnras/stx2937},
	eprint = {1711.03967},
	journal = {\mnras},
	keywords = {methods: data analysis, astronomical data bases: miscellaneous, stars: variables: RR Lyrae, Galaxy:halo, Galaxy: structure, Astrophysics - Astrophysics of Galaxies},
	month = mar,
	number = {3},
	pages = {4112-4129},
	primaryclass = {astro-ph.GA},
	title = {{Fourteen candidate RR Lyrae star streams in the inner Galaxy}},
	volume = {474},
	year = 2018,
	bdsk-url-1 = {https://doi.org/10.1093/mnras/stx2937}}

@article{ibata:2019,
	adsnote = {Provided by the SAO/NASA Astrophysics Data System},
	adsurl = {https://ui.adsabs.harvard.edu/abs/2019ApJ...872..152I},
	archiveprefix = {arXiv},
	author = {{Ibata}, Rodrigo A. and {Malhan}, Khyati and {Martin}, Nicolas F.},
	doi = {10.3847/1538-4357/ab0080},
	eid = {152},
	eprint = {1901.07566},
	journal = {\apj},
	keywords = {galaxies: formation, Galaxy: halo, Galaxy: stellar content, Galaxy: structure, surveys, Astrophysics - Astrophysics of Galaxies},
	month = feb,
	number = {2},
	pages = {152},
	primaryclass = {astro-ph.GA},
	title = {{The Streams of the Gaping Abyss: A Population of Entangled Stellar Streams Surrounding the Inner Galaxy}},
	volume = {872},
	year = 2019,
	bdsk-url-1 = {https://doi.org/10.3847/1538-4357/ab0080}}

@article{shipp:2019,
	adsnote = {Provided by the SAO/NASA Astrophysics Data System},
	adsurl = {https://ui.adsabs.harvard.edu/abs/2019ApJ...885....3S},
	archiveprefix = {arXiv},
	author = {{Shipp}, N. and {Li}, T.~S. and {Pace}, A.~B. and {Erkal}, D. and {Drlica-Wagner}, A. and {Yanny}, B. and {Belokurov}, V. and {Wester}, W. and {Koposov}, S.~E. and {Kuehn}, K. and {Lewis}, G.~F. and {Simpson}, J.~D. and {Wan}, Z. and {Zucker}, D.~B. and {Martell}, S.~L. and {Wang}, M.~Y. and {S<SUP>5</SUP> Collaboration}},
	doi = {10.3847/1538-4357/ab44bf},
	eid = {3},
	eprint = {1907.09488},
	journal = {\apj},
	keywords = {Stellar kinematics, Milky Way Galaxy, Milky Way stellar halo, Local Group, Galaxy structure, Astrophysics - Astrophysics of Galaxies, Astrophysics - Solar and Stellar Astrophysics},
	month = nov,
	number = {1},
	pages = {3},
	primaryclass = {astro-ph.GA},
	title = {{Proper Motions of Stellar Streams Discovered in the Dark Energy Survey}},
	volume = {885},
	year = 2019,
	bdsk-url-1 = {https://doi.org/10.3847/1538-4357/ab44bf}}

@article{hernquist:1990,
	adsnote = {Provided by the SAO/NASA Astrophysics Data System},
	adsurl = {http://adsabs.harvard.edu/abs/1990ApJ...356..359H},
	author = {{Hernquist}, L.},
	doi = {10.1086/168845},
	journal = {\apj},
	keywords = {Computational Astrophysics, Elliptical Galaxies, Galactic Bulge, Galactic Structure, Astronomical Models, Astronomical Photometry, Brightness Distribution, Distribution Functions},
	month = jun,
	pages = {359-364},
	title = {{An analytical model for spherical galaxies and bulges}},
	volume = 356,
	year = 1990,
	bdsk-url-1 = {https://doi.org/10.1086/168845}}

@article{nfw:1997,
	adsnote = {Provided by the SAO/NASA Astrophysics Data System},
	adsurl = {http://adsabs.harvard.edu/abs/1997ApJ...490..493N},
	author = {{Navarro}, J.~F. and {Frenk}, C.~S. and {White}, S.~D.~M.},
	doi = {10.1086/304888},
	eprint = {astro-ph/9611107},
	journal = {\apj},
	keywords = {Cosmology: Theory, Cosmology: Dark Matter, Galaxies: Halos, Methods: Numerical},
	month = dec,
	pages = {493-508},
	title = {{A Universal Density Profile from Hierarchical Clustering}},
	volume = 490,
	year = 1997,
	bdsk-url-1 = {https://doi.org/10.1086/304888}}

@article{mn:1975,
	adsnote = {Provided by the SAO/NASA Astrophysics Data System},
	adsurl = {https://ui.adsabs.harvard.edu/abs/1975PASJ...27..533M},
	author = {{Miyamoto}, M. and {Nagai}, R.},
	journal = {\pasj},
	keywords = {Astronomical Models, Density Distribution, Galactic Structure, Mass Distribution, Potential Theory, Three Dimensional Models, Functions (Mathematics), Globular Clusters, Gravitational Effects, Mathematical Models, Milky Way Galaxy, Astrophysics},
	month = {Jan},
	pages = {533-543},
	title = {{Three-dimensional models for the distribution of mass in galaxies.}},
	volume = {27},
	year = {1975}}

@article{pwb,
	adsnote = {Provided by the SAO/NASA Astrophysics Data System},
	adsurl = {https://ui.adsabs.harvard.edu/abs/2018ApJ...863L..20P},
	archiveprefix = {arXiv},
	author = {{Price-Whelan}, Adrian M. and {Bonaca}, Ana},
	doi = {10.3847/2041-8213/aad7b5},
	eid = {L20},
	eprint = {1805.00425},
	journal = {\apjl},
	keywords = {dark matter, Galaxy: halo, Galaxy: kinematics and dynamics, Astrophysics - Astrophysics of Galaxies},
	month = aug,
	number = {2},
	pages = {L20},
	primaryclass = {astro-ph.GA},
	title = {{Off the Beaten Path: Gaia Reveals GD-1 Stars outside of the Main Stream}},
	volume = {863},
	year = 2018,
	bdsk-url-1 = {https://doi.org/10.3847/2041-8213/aad7b5}}

@article{combes:1999,
	adsnote = {Provided by the SAO/NASA Astrophysics Data System},
	adsurl = {https://ui.adsabs.harvard.edu/abs/1999A&A...352..149C},
	archiveprefix = {arXiv},
	author = {{Combes}, Fran{\c{c}}oise and {Leon}, St{\'e}phane and {Meylan}, Georges},
	eprint = {astro-ph/9910148},
	journal = {\aap},
	keywords = {GALAXY: EVOLUTION, GALAXY: GENERAL, GALAXY: GLOBULAR CLUSTERS: GENERAL, GALAXY: KINEMATICS AND DYNAMICS, GALAXY: STRUCTURE, GALAXIES: STAR CLUSTERS, Astrophysics},
	month = dec,
	pages = {149-162},
	primaryclass = {astro-ph},
	title = {{N-body simulations of globular cluster tides}},
	volume = {352},
	year = 1999}

@book{spitzer:1987,
	adsnote = {Provided by the SAO/NASA Astrophysics Data System},
	adsurl = {https://ui.adsabs.harvard.edu/abs/1987degc.book.....S},
	author = {{Spitzer}, Lyman},
	title = {{Dynamical evolution of globular clusters}},
	year = 1987}

@article{rockosi:2002,
	adsnote = {Provided by the SAO/NASA Astrophysics Data System},
	adsurl = {https://ui.adsabs.harvard.edu/abs/2002AJ....124..349R},
	author = {{Rockosi}, Constance M. and {Odenkirchen}, Michael and {Grebel}, Eva K. and {Dehnen}, Walter and {Cudworth}, Kyle M. and {Gunn}, James E. and {York}, Donald G. and {Brinkmann}, J. and {Hennessy}, G.~S. and {Ivezi{\'c}}, {\v{Z}}eljko},
	doi = {10.1086/340957},
	journal = {\aj},
	keywords = {Galaxy: Halo, Galaxy: Kinematics and Dynamics, Galaxy: Structure, Galaxy: Globular Clusters: Individual: Name: Palomar 5},
	month = jul,
	number = {1},
	pages = {349-363},
	title = {{A Matched-Filter Analysis of the Tidal Tails of the Globular Cluster Palomar 5}},
	volume = {124},
	year = 2002,
	bdsk-url-1 = {https://doi.org/10.1086/340957}}

@article{odenkirchen:2001,
	adsnote = {Provided by the SAO/NASA Astrophysics Data System},
	adsurl = {https://ui.adsabs.harvard.edu/abs/2001ApJ...548L.165O},
	archiveprefix = {arXiv},
	author = {{Odenkirchen}, Michael and {Grebel}, Eva K. and {Rockosi}, Constance M. and {Dehnen}, Walter and {Ibata}, Rodrigo and {Rix}, Hans-Walter and {Stolte}, Andrea and {Wolf}, Christian and {Anderson}, John E., Jr. and {Bahcall}, Neta A. and {Brinkmann}, Jon and {Csabai}, Istv{\'a}n and {Hennessy}, G. and {Hindsley}, Robert B. and {Ivezi{\'c}}, {\v{Z}}eljko and {Lupton}, Robert H. and {Munn}, Jeffrey A. and {Pier}, Jeffrey R. and {Stoughton}, Chris and {York}, Donald G.},
	doi = {10.1086/319095},
	eprint = {astro-ph/0012311},
	journal = {\apjl},
	keywords = {Galaxy: Halo, Galaxy: Kinematics and Dynamics, Galaxy: Structure, Galaxy: Globular Clusters:: Individual Name: Palomar 5, Astrophysics},
	month = feb,
	number = {2},
	pages = {L165-L169},
	primaryclass = {astro-ph},
	title = {{Detection of Massive Tidal Tails around the Globular Cluster Palomar 5 with Sloan Digital Sky Survey Commissioning Data}},
	volume = {548},
	year = 2001,
	bdsk-url-1 = {https://doi.org/10.1086/319095}}

@article{gd:2006,
	adsnote = {Provided by the SAO/NASA Astrophysics Data System},
	adsurl = {https://ui.adsabs.harvard.edu/abs/2006ApJ...643L..17G},
	archiveprefix = {arXiv},
	author = {{Grillmair}, C.~J. and {Dionatos}, O.},
	doi = {10.1086/505111},
	eprint = {astro-ph/0604332},
	journal = {\apjl},
	keywords = {Galaxy: Halo, Galaxy: Structure, Galaxy: Globular Clusters: General, Astrophysics},
	month = may,
	number = {1},
	pages = {L17-L20},
	primaryclass = {astro-ph},
	title = {{Detection of a 63{\textdegree} Cold Stellar Stream in the Sloan Digital Sky Survey}},
	volume = {643},
	year = 2006,
	bdsk-url-1 = {https://doi.org/10.1086/505111}}

@article{grillmair:2009,
	adsnote = {Provided by the SAO/NASA Astrophysics Data System},
	adsurl = {https://ui.adsabs.harvard.edu/abs/2009ApJ...693.1118G},
	archiveprefix = {arXiv},
	author = {{Grillmair}, C.~J.},
	doi = {10.1088/0004-637X/693/2/1118},
	eprint = {0811.3965},
	journal = {\apj},
	keywords = {Galaxy: halo, Galaxy: structure, globular clusters: general, Astrophysics},
	month = mar,
	number = {2},
	pages = {1118-1127},
	primaryclass = {astro-ph},
	title = {{Four New Stellar Debris Streams in the Galactic Halo}},
	volume = {693},
	year = 2009,
	bdsk-url-1 = {https://doi.org/10.1088/0004-637X/693/2/1118}}

@article{bonaca:2012,
	adsnote = {Provided by the SAO/NASA Astrophysics Data System},
	adsurl = {https://ui.adsabs.harvard.edu/abs/2012ApJ...760L...6B},
	archiveprefix = {arXiv},
	author = {{Bonaca}, Ana and {Geha}, Marla and {Kallivayalil}, Nitya},
	doi = {10.1088/2041-8205/760/1/L6},
	eid = {L6},
	eprint = {1209.5391},
	journal = {\apjl},
	keywords = {Galaxy: halo, Galaxy: structure, Astrophysics - Astrophysics of Galaxies},
	month = nov,
	number = {1},
	pages = {L6},
	primaryclass = {astro-ph.GA},
	title = {{A Cold Milky Way Stellar Stream in the Direction of Triangulum}},
	volume = {760},
	year = 2012,
	bdsk-url-1 = {https://doi.org/10.1088/2041-8205/760/1/L6}}

@article{shipp:2018,
	adsnote = {Provided by the SAO/NASA Astrophysics Data System},
	adsurl = {https://ui.adsabs.harvard.edu/abs/2018ApJ...862..114S},
	archiveprefix = {arXiv},
	author = {{Shipp}, N. and {Drlica-Wagner}, A. and {Balbinot}, E. and {Ferguson}, P. and {Erkal}, D. and {Li}, T.~S. and {Bechtol}, K. and {Belokurov}, V. and {Buncher}, B. and {Carollo}, D. and {Carrasco Kind}, M. and {Kuehn}, K. and {Marshall}, J.~L. and {Pace}, A.~B. and {Rykoff}, E.~S. and {Sevilla-Noarbe}, I. and {Sheldon}, E. and {Strigari}, L. and {Vivas}, A.~K. and {Yanny}, B. and {Zenteno}, A. and {Abbott}, T.~M.~C. and {Abdalla}, F.~B. and {Allam}, S. and {Avila}, S. and {Bertin}, E. and {Brooks}, D. and {Burke}, D.~L. and {Carretero}, J. and {Castander}, F.~J. and {Cawthon}, R. and {Crocce}, M. and {Cunha}, C.~E. and {D'Andrea}, C.~B. and {da Costa}, L.~N. and {Davis}, C. and {De Vicente}, J. and {Desai}, S. and {Diehl}, H.~T. and {Doel}, P. and {Evrard}, A.~E. and {Flaugher}, B. and {Fosalba}, P. and {Frieman}, J. and {Garc{\'\i}a-Bellido}, J. and {Gaztanaga}, E. and {Gerdes}, D.~W. and {Gruen}, D. and {Gruendl}, R.~A. and {Gschwend}, J. and {Gutierrez}, G. and {Hartley}, W. and {Honscheid}, K. and {Hoyle}, B. and {James}, D.~J. and {Johnson}, M.~D. and {Krause}, E. and {Kuropatkin}, N. and {Lahav}, O. and {Lin}, H. and {Maia}, M.~A.~G. and {March}, M. and {Martini}, P. and {Menanteau}, F. and {Miller}, C.~J. and {Miquel}, R. and {Nichol}, R.~C. and {Plazas}, A.~A. and {Romer}, A.~K. and {Sako}, M. and {Sanchez}, E. and {Santiago}, B. and {Scarpine}, V. and {Schindler}, R. and {Schubnell}, M. and {Smith}, M. and {Smith}, R.~C. and {Sobreira}, F. and {Suchyta}, E. and {Swanson}, M.~E.~C. and {Tarle}, G. and {Thomas}, D. and {Tucker}, D.~L. and {Walker}, A.~R. and {Wechsler}, R.~H. and {DES Collaboration}},
	doi = {10.3847/1538-4357/aacdab},
	eid = {114},
	eprint = {1801.03097},
	journal = {\apj},
	keywords = {Galaxy: halo, Galaxy: structure, Local Group, Astrophysics - Astrophysics of Galaxies, Astrophysics - Cosmology and Nongalactic Astrophysics},
	month = aug,
	number = {2},
	pages = {114},
	primaryclass = {astro-ph.GA},
	title = {{Stellar Streams Discovered in the Dark Energy Survey}},
	volume = {862},
	year = 2018,
	bdsk-url-1 = {https://doi.org/10.3847/1538-4357/aacdab}}

@article{ibata:2002,
	adsnote = {Provided by the SAO/NASA Astrophysics Data System},
	adsurl = {https://ui.adsabs.harvard.edu/abs/2002MNRAS.332..915I},
	archiveprefix = {arXiv},
	author = {{Ibata}, R.~A. and {Lewis}, G.~F. and {Irwin}, M.~J. and {Quinn}, T.},
	doi = {10.1046/j.1365-8711.2002.05358.x},
	eprint = {astro-ph/0110690},
	journal = {\mnras},
	keywords = {galaxies: haloes, dark matter, Astrophysics},
	month = jun,
	number = {4},
	pages = {915-920},
	primaryclass = {astro-ph},
	title = {{Uncovering cold dark matter halo substructure with tidal streams}},
	volume = {332},
	year = 2002,
	bdsk-url-1 = {https://doi.org/10.1046/j.1365-8711.2002.05358.x}}

@article{lux:2013,
	adsnote = {Provided by the SAO/NASA Astrophysics Data System},
	adsurl = {https://ui.adsabs.harvard.edu/abs/2013MNRAS.436.2386L},
	archiveprefix = {arXiv},
	author = {{Lux}, H. and {Read}, J.~I. and {Lake}, G. and {Johnston}, K.~V.},
	doi = {10.1093/mnras/stt1744},
	eprint = {1308.2235},
	journal = {\mnras},
	keywords = {Galaxy: halo, Galaxy: kinematics and dynamics, Galaxy: structure, Astrophysics - Astrophysics of Galaxies},
	month = dec,
	number = {3},
	pages = {2386-2397},
	primaryclass = {astro-ph.GA},
	title = {{Constraining the Milky Way halo shape using thin streams}},
	volume = {436},
	year = 2013,
	bdsk-url-1 = {https://doi.org/10.1093/mnras/stt1744}}

@article{bonaca:2014,
	adsnote = {Provided by the SAO/NASA Astrophysics Data System},
	adsurl = {https://ui.adsabs.harvard.edu/abs/2014ApJ...795...94B},
	archiveprefix = {arXiv},
	author = {{Bonaca}, Ana and {Geha}, Marla and {K{\"u}pper}, Andreas H.~W. and {Diemand}, J{\"u}rg and {Johnston}, Kathryn V. and {Hogg}, David W.},
	doi = {10.1088/0004-637X/795/1/94},
	eid = {94},
	eprint = {1406.6063},
	journal = {\apj},
	keywords = {dark matter, Galaxy: halo, Galaxy: structure, Astrophysics - Astrophysics of Galaxies},
	month = nov,
	number = {1},
	pages = {94},
	primaryclass = {astro-ph.GA},
	title = {{Milky Way Mass and Potential Recovery Using Tidal Streams in a Realistic Halo}},
	volume = {795},
	year = 2014,
	bdsk-url-1 = {https://doi.org/10.1088/0004-637X/795/1/94}}

@article{yoon:2011,
	adsnote = {Provided by the SAO/NASA Astrophysics Data System},
	adsurl = {https://ui.adsabs.harvard.edu/abs/2011ApJ...731...58Y},
	archiveprefix = {arXiv},
	author = {{Yoon}, Joo Heon and {Johnston}, Kathryn V. and {Hogg}, David W.},
	doi = {10.1088/0004-637X/731/1/58},
	eid = {58},
	eprint = {1012.2884},
	journal = {\apj},
	keywords = {cosmology: theory, dark matter, Galaxy: halo, Galaxy: kinematics and dynamics, Galaxy: structure, Astrophysics - Astrophysics of Galaxies},
	month = apr,
	number = {1},
	pages = {58},
	primaryclass = {astro-ph.GA},
	title = {{Clumpy Streams from Clumpy Halos: Detecting Missing Satellites with Cold Stellar Structures}},
	volume = {731},
	year = 2011,
	bdsk-url-1 = {https://doi.org/10.1088/0004-637X/731/1/58}}

@article{erkal:2016,
	adsnote = {Provided by the SAO/NASA Astrophysics Data System},
	adsurl = {https://ui.adsabs.harvard.edu/abs/2016MNRAS.463..102E},
	archiveprefix = {arXiv},
	author = {{Erkal}, Denis and {Belokurov}, Vasily and {Bovy}, Jo and {Sand ers}, Jason L.},
	doi = {10.1093/mnras/stw1957},
	eprint = {1606.04946},
	journal = {\mnras},
	keywords = {Galaxy: fundamental parameters, galaxies: haloes, galaxies: structure, dark matter, Astrophysics - Astrophysics of Galaxies},
	month = nov,
	number = {1},
	pages = {102-119},
	primaryclass = {astro-ph.GA},
	title = {{The number and size of subhalo-induced gaps in stellar streams}},
	volume = {463},
	year = 2016,
	bdsk-url-1 = {https://doi.org/10.1093/mnras/stw1957}}

@article{sanders:2014,
	adsnote = {Provided by the SAO/NASA Astrophysics Data System},
	adsurl = {https://ui.adsabs.harvard.edu/abs/2014MNRAS.443..423S},
	archiveprefix = {arXiv},
	author = {{Sanders}, Jason L.},
	doi = {10.1093/mnras/stu1159},
	eprint = {1401.7602},
	journal = {\mnras},
	keywords = {methods: numerical, Galaxy: kinematics and dynamics, Galaxy: structure, galaxies: kinematics and dynamics, Astrophysics - Astrophysics of Galaxies},
	month = sep,
	number = {1},
	pages = {423-431},
	primaryclass = {astro-ph.GA},
	title = {{Probabilistic model for constraining the Galactic potential using tidal streams}},
	volume = {443},
	year = 2014,
	bdsk-url-1 = {https://doi.org/10.1093/mnras/stu1159}}

@article{bonaca:2020,
	adsnote = {Provided by the SAO/NASA Astrophysics Data System},
	adsurl = {https://ui.adsabs.harvard.edu/abs/2020ApJ...889...70B},
	archiveprefix = {arXiv},
	author = {{Bonaca}, Ana and {Pearson}, Sarah and {Price-Whelan}, Adrian M. and {Dey}, Arjun and {Geha}, Marla and {Kallivayalil}, Nitya and {Moustakas}, John and {Mu{\~n}oz}, Ricardo and {Myers}, Adam D. and {Schlegel}, David J. and {Valdes}, Francisco},
	doi = {10.3847/1538-4357/ab5afe},
	eid = {70},
	eprint = {1910.00592},
	journal = {\apj},
	keywords = {Astrophysics - Astrophysics of Galaxies},
	month = jan,
	number = {1},
	pages = {70},
	primaryclass = {astro-ph.GA},
	title = {{Variations in the Width, Density, and Direction of the Palomar 5 Tidal Tails}},
	volume = {889},
	year = 2020,
	bdsk-url-1 = {https://doi.org/10.3847/1538-4357/ab5afe}}

@article{bonaca:2019a,
	adsnote = {Provided by the SAO/NASA Astrophysics Data System},
	adsurl = {https://ui.adsabs.harvard.edu/abs/2019ApJ...881L..37B},
	archiveprefix = {arXiv},
	author = {{Bonaca}, Ana and {Conroy}, Charlie and {Price-Whelan}, Adrian M. and {Hogg}, David W.},
	doi = {10.3847/2041-8213/ab36ba},
	eid = {L37},
	eprint = {1906.02748},
	journal = {\apjl},
	keywords = {Galaxy: halo, Galaxy: kinematics and dynamics, stars: kinematics and dynamics, Astrophysics - Astrophysics of Galaxies, Astrophysics - Solar and Stellar Astrophysics},
	month = aug,
	number = {2},
	pages = {L37},
	primaryclass = {astro-ph.GA},
	title = {{Multiple Components of the Jhelum Stellar Stream}},
	volume = {881},
	year = 2019,
	bdsk-url-1 = {https://doi.org/10.3847/2041-8213/ab36ba}}

@article{bonaca:2019b,
	adsnote = {Provided by the SAO/NASA Astrophysics Data System},
	adsurl = {https://ui.adsabs.harvard.edu/abs/2019ApJ...880...38B},
	archiveprefix = {arXiv},
	author = {{Bonaca}, Ana and {Hogg}, David W. and {Price-Whelan}, Adrian M. and {Conroy}, Charlie},
	doi = {10.3847/1538-4357/ab2873},
	eid = {38},
	eprint = {1811.03631},
	journal = {\apj},
	keywords = {cosmology: observations, dark matter, Galaxy: halo, Galaxy: kinematics and dynamics, gravitation, stars: kinematics and dynamics, Astrophysics - Astrophysics of Galaxies, Astrophysics - Cosmology and Nongalactic Astrophysics, High Energy Physics - Phenomenology},
	month = jul,
	number = {1},
	pages = {38},
	primaryclass = {astro-ph.GA},
	title = {{The Spur and the Gap in GD-1: Dynamical Evidence for a Dark Substructure in the Milky Way Halo}},
	volume = {880},
	year = 2019,
	bdsk-url-1 = {https://doi.org/10.3847/1538-4357/ab2873}}

@article{li:2020,
	adsnote = {Provided by the SAO/NASA Astrophysics Data System},
	adsurl = {https://ui.adsabs.harvard.edu/abs/2020arXiv200610763L},
	archiveprefix = {arXiv},
	author = {{Li}, Ting S. and {Koposov}, Sergey E. and {Erkal}, Denis and {Ji}, Alexand er P. and {Shipp}, Nora and {Pace}, Andrew B. and {Hilmi}, Tariq and {Kuehn}, Kyler and {Lewis}, Geraint F. and {Mackey}, Dougal and {Simpson}, Jeffrey D. and {Wan}, Zhen and {Zucker}, Daniel B. and {Bland -Hawthorn}, Joss and {Cullinane}, Lara R. and {Da Costa}, Gary S. and {Drlica-Wagner}, Alex and {Hattori}, Kohei and {Martell}, Sarah L. and {Sharma}, Sanjib},
	eid = {arXiv:2006.10763},
	eprint = {2006.10763},
	journal = {arXiv e-prints},
	keywords = {Astrophysics - Astrophysics of Galaxies},
	month = jun,
	pages = {arXiv:2006.10763},
	primaryclass = {astro-ph.GA},
	title = {{Broken into Pieces: ATLAS and Aliqa Uma as One Single Stream}},
	year = 2020}

@article{banik:2019,
	adsnote = {Provided by the SAO/NASA Astrophysics Data System},
	adsurl = {https://ui.adsabs.harvard.edu/abs/2019arXiv191102662B},
	archiveprefix = {arXiv},
	author = {{Banik}, Nilanjan and {Bovy}, Jo and {Bertone}, Gianfranco and {Erkal}, Denis and {de Boer}, T.~J.~L.},
	eid = {arXiv:1911.02662},
	eprint = {1911.02662},
	journal = {arXiv e-prints},
	keywords = {Astrophysics - Astrophysics of Galaxies, Astrophysics - Cosmology and Nongalactic Astrophysics},
	month = nov,
	pages = {arXiv:1911.02662},
	primaryclass = {astro-ph.GA},
	title = {{Evidence of a population of dark subhalos from Gaia and Pan-STARRS observations of the GD-1 stream}},
	year = 2019}

@article{malhan:2020,
	adsnote = {Provided by the SAO/NASA Astrophysics Data System},
	adsurl = {https://ui.adsabs.harvard.edu/abs/2020arXiv200512919M},
	archiveprefix = {arXiv},
	author = {{Malhan}, Khyati and {Valluri}, Monica and {Freese}, Katherine},
	eid = {arXiv:2005.12919},
	eprint = {2005.12919},
	journal = {arXiv e-prints},
	keywords = {Astrophysics - Astrophysics of Galaxies},
	month = may,
	pages = {arXiv:2005.12919},
	primaryclass = {astro-ph.GA},
	title = {{Probing the nature of dark matter with accreted globular cluster streams}},
	year = 2020}

@article{kuepper:2008,
	adsnote = {Provided by the SAO/NASA Astrophysics Data System},
	adsurl = {https://ui.adsabs.harvard.edu/abs/2008MNRAS.387.1248K},
	archiveprefix = {arXiv},
	author = {{K{\"u}pper}, Andreas H.~W. and {MacLeod}, Andrew and {Heggie}, Douglas C.},
	doi = {10.1111/j.1365-2966.2008.13323.x},
	eprint = {0804.2476},
	journal = {\mnras},
	keywords = {methods: analytical, methods: N-body simulations, galaxies: kinematics and dynamics, galaxies: star clusters, Astrophysics},
	month = jul,
	number = {3},
	pages = {1248-1252},
	primaryclass = {astro-ph},
	title = {{On the structure of tidal tails}},
	volume = {387},
	year = 2008,
	bdsk-url-1 = {https://doi.org/10.1111/j.1365-2966.2008.13323.x}}

@article{kuepper:2010,
	adsnote = {Provided by the SAO/NASA Astrophysics Data System},
	adsurl = {https://ui.adsabs.harvard.edu/abs/2010MNRAS.401..105K},
	archiveprefix = {arXiv},
	author = {{K{\"u}pper}, Andreas H.~W. and {Kroupa}, Pavel and {Baumgardt}, Holger and {Heggie}, Douglas C.},
	doi = {10.1111/j.1365-2966.2009.15690.x},
	eprint = {0909.2619},
	journal = {\mnras},
	keywords = {methods: analytical, methods: N-body simulations, galaxies: haloes, galaxies: kinematics and dynamics, galaxies: star clusters, dark matter, Astrophysics - Solar and Stellar Astrophysics, Astrophysics - Astrophysics of Galaxies},
	month = jan,
	number = {1},
	pages = {105-120},
	primaryclass = {astro-ph.SR},
	title = {{Tidal tails of star clusters}},
	volume = {401},
	year = 2010,
	bdsk-url-1 = {https://doi.org/10.1111/j.1365-2966.2009.15690.x}}

@article{carlberg:2018,
	adsnote = {Provided by the SAO/NASA Astrophysics Data System},
	adsurl = {https://ui.adsabs.harvard.edu/abs/2018ApJ...861...69C},
	archiveprefix = {arXiv},
	author = {{Carlberg}, Raymond G.},
	doi = {10.3847/1538-4357/aac88a},
	eid = {69},
	eprint = {1706.01938},
	journal = {\apj},
	keywords = {dark matter, Galaxy: halo, globular clusters: general, stars: black holes, Astrophysics - Astrophysics of Galaxies, Astrophysics - Cosmology and Nongalactic Astrophysics, Astrophysics - High Energy Astrophysical Phenomena},
	month = jul,
	number = {1},
	pages = {69},
	primaryclass = {astro-ph.GA},
	title = {{Globular Clusters in a Cosmological N-body Simulation}},
	volume = {861},
	year = 2018,
	bdsk-url-1 = {https://doi.org/10.3847/1538-4357/aac88a}}

@article{renaud:2015,
	adsnote = {Provided by the SAO/NASA Astrophysics Data System},
	adsurl = {https://ui.adsabs.harvard.edu/abs/2015MNRAS.448.3416R},
	archiveprefix = {arXiv},
	author = {{Renaud}, Florent and {Gieles}, Mark},
	doi = {10.1093/mnras/stv245},
	eprint = {1502.01268},
	journal = {\mnras},
	keywords = {methods: numerical, Astrophysics - Astrophysics of Galaxies},
	month = apr,
	number = {4},
	pages = {3416-3422},
	primaryclass = {astro-ph.GA},
	title = {{A flexible method to evolve collisional systems and their tidal debris in external potentials}},
	volume = {448},
	year = 2015,
	bdsk-url-1 = {https://doi.org/10.1093/mnras/stv245}}

@book{hh:2003,
	adsnote = {Provided by the SAO/NASA Astrophysics Data System},
	adsurl = {https://ui.adsabs.harvard.edu/abs/2003gmbp.book.....H},
	author = {{Heggie}, Douglas and {Hut}, Piet},
	title = {{The Gravitational Million-Body Problem: A Multidisciplinary Approach to Star Cluster Dynamics}},
	year = 2003}

@article{erkal:2016b,
	adsnote = {Provided by the SAO/NASA Astrophysics Data System},
	adsurl = {https://ui.adsabs.harvard.edu/abs/2016MNRAS.461.1590E},
	archiveprefix = {arXiv},
	author = {{Erkal}, Denis and {Sanders}, Jason L. and {Belokurov}, Vasily},
	doi = {10.1093/mnras/stw1400},
	eprint = {1603.08922},
	journal = {\mnras},
	keywords = {galaxies: haloes, galaxies: structure, dark matter, Astrophysics - Astrophysics of Galaxies},
	month = sep,
	number = {2},
	pages = {1590-1604},
	primaryclass = {astro-ph.GA},
	title = {{Stray, swing and scatter: angular momentum evolution of orbits and streams in aspherical potentials}},
	volume = {461},
	year = 2016,
	bdsk-url-1 = {https://doi.org/10.1093/mnras/stw1400}}

@article{balbinot:2018,
	adsnote = {Provided by the SAO/NASA Astrophysics Data System},
	adsurl = {https://ui.adsabs.harvard.edu/abs/2018MNRAS.474.2479B},
	archiveprefix = {arXiv},
	author = {{Balbinot}, Eduardo and {Gieles}, Mark},
	doi = {10.1093/mnras/stx2708},
	eprint = {1702.02543},
	journal = {\mnras},
	keywords = {globular clusters: general, Galaxy: structure, Astrophysics - Astrophysics of Galaxies, Astrophysics - Cosmology and Nongalactic Astrophysics},
	month = feb,
	number = {2},
	pages = {2479-2492},
	primaryclass = {astro-ph.GA},
	title = {{The devil is in the tails: the role of globular cluster mass evolution on stream properties}},
	volume = {474},
	year = 2018,
	bdsk-url-1 = {https://doi.org/10.1093/mnras/stx2708}}

@article{gdr2,
	adsnote = {Provided by the SAO/NASA Astrophysics Data System},
	adsurl = {http://adsabs.harvard.edu/abs/2018A%26A...616A...1G},
	archiveprefix = {arXiv},
	author = {{Gaia Collaboration} and {Brown}, A.~G.~A. and {Vallenari}, A. and {Prusti}, T. and {de Bruijne}, J.~H.~J. and {Babusiaux}, C. and {Bailer-Jones}, C.~A.~L. and {Biermann}, M. and {Evans}, D.~W. and {Eyer}, L. and et al.},
	doi = {10.1051/0004-6361/201833051},
	eid = {A1},
	eprint = {1804.09365},
	journal = {\aap},
	keywords = {catalogs, astrometry, techniques: radial velocities, stars: fundamental parameters, stars: variables: general, minor planets, asteroids: general},
	month = aug,
	pages = {A1},
	title = {{Gaia Data Release 2. Summary of the contents and survey properties}},
	volume = 616,
	year = 2018,
	bdsk-url-1 = {https://doi.org/10.1051/0004-6361/201833051}}

@article{helmi:2003,
	adsnote = {Provided by the SAO/NASA Astrophysics Data System},
	adsurl = {https://ui.adsabs.harvard.edu/abs/2003MNRAS.339..834H},
	archiveprefix = {arXiv},
	author = {{Helmi}, Amina and {White}, Simon D.~M. and {Springel}, Volker},
	doi = {10.1046/j.1365-8711.2003.06227.x},
	eprint = {astro-ph/0208041},
	journal = {\mnras},
	keywords = {methods: numerical, Galaxy: formation, Galaxy: halo, Galaxy: kinematics and dynamics, galaxies: clusters: general, dark matter, Astrophysics},
	month = mar,
	number = {3},
	pages = {834-848},
	primaryclass = {astro-ph},
	title = {{The phase-space structure of cold dark matter haloes: insights into the Galactic halo}},
	volume = {339},
	year = 2003,
	bdsk-url-1 = {https://doi.org/10.1046/j.1365-8711.2003.06227.x}}

@article{gnedin:1997,
	adsnote = {Provided by the SAO/NASA Astrophysics Data System},
	adsurl = {https://ui.adsabs.harvard.edu/abs/1997ApJ...474..223G},
	archiveprefix = {arXiv},
	author = {{Gnedin}, Oleg Y. and {Ostriker}, Jeremiah P.},
	doi = {10.1086/303441},
	eprint = {astro-ph/9603042},
	journal = {\apj},
	keywords = {Celestial Mechanics, Stellar Dynamics, Galaxy: Kinematics and Dynamics, Galaxy: Globular Clusters: General, Astrophysics},
	month = jan,
	number = {1},
	pages = {223-255},
	primaryclass = {astro-ph},
	title = {{Destruction of the Galactic Globular Cluster System}},
	volume = {474},
	year = 1997,
	bdsk-url-1 = {https://doi.org/10.1086/303441}}

@article{naidu:2020,
	adsnote = {Provided by the SAO/NASA Astrophysics Data System},
	adsurl = {https://ui.adsabs.harvard.edu/abs/2020arXiv200608625N},
	archiveprefix = {arXiv},
	author = {{Naidu}, Rohan P. and {Conroy}, Charlie and {Bonaca}, Ana and {Johnson}, Benjamin D. and {Ting}, Yuan-Sen and {Caldwell}, Nelson and {Zaritsky}, Dennis and {Cargile}, Phillip A.},
	eid = {arXiv:2006.08625},
	eprint = {2006.08625},
	journal = {arXiv e-prints},
	keywords = {Astrophysics - Astrophysics of Galaxies},
	month = jun,
	pages = {arXiv:2006.08625},
	primaryclass = {astro-ph.GA},
	title = {{Evidence from the H3 Survey that the Stellar Halo is Entirely Comprised of Substructure}},
	year = 2020}

@article{massari:2019,
	adsnote = {Provided by the SAO/NASA Astrophysics Data System},
	adsurl = {https://ui.adsabs.harvard.edu/abs/2019A&A...630L...4M},
	archiveprefix = {arXiv},
	author = {{Massari}, D. and {Koppelman}, H.~H. and {Helmi}, A.},
	doi = {10.1051/0004-6361/201936135},
	eid = {L4},
	eprint = {1906.08271},
	journal = {\aap},
	keywords = {globular clusters: general, Galaxy: kinematics and dynamics, galaxies: dwarf, Galaxy: formation, Galaxy: evolution, Astrophysics - Astrophysics of Galaxies},
	month = oct,
	pages = {L4},
	primaryclass = {astro-ph.GA},
	title = {{Origin of the system of globular clusters in the Milky Way}},
	volume = {630},
	year = 2019,
	bdsk-url-1 = {https://doi.org/10.1051/0004-6361/201936135}}

@article{kruijssen:2020,
	adsnote = {Provided by the SAO/NASA Astrophysics Data System},
	adsurl = {https://ui.adsabs.harvard.edu/abs/2020arXiv200301119K},
	archiveprefix = {arXiv},
	author = {{Kruijssen}, J.~M. Diederik and {Pfeffer}, Joel L. and {Chevance}, M{\'e}lanie and {Bonaca}, Ana and {Trujillo-Gomez}, Sebastian and {Bastian}, Nate and {Reina-Campos}, Marta and {Crain}, Rob and {Hughes}, Meghan},
	eid = {arXiv:2003.01119},
	eprint = {2003.01119},
	journal = {arXiv e-prints},
	keywords = {Astrophysics - Astrophysics of Galaxies},
	month = mar,
	pages = {arXiv:2003.01119},
	primaryclass = {astro-ph.GA},
	title = {{Kraken reveals itself -- the merger history of the Milky Way reconstructed with the E-MOSAICS simulations}},
	year = 2020}

@article{hendel:2015,
	adsnote = {Provided by the SAO/NASA Astrophysics Data System},
	adsurl = {https://ui.adsabs.harvard.edu/abs/2015MNRAS.454.2472H},
	archiveprefix = {arXiv},
	author = {{Hendel}, David and {Johnston}, Kathryn V.},
	doi = {10.1093/mnras/stv2035},
	eprint = {1509.06369},
	journal = {\mnras},
	keywords = {galaxies: haloes, galaxies: kinematics and dynamics, galaxies: statistics, dark matter, Astrophysics - Astrophysics of Galaxies},
	month = dec,
	number = {3},
	pages = {2472-2485},
	primaryclass = {astro-ph.GA},
	title = {{Tidal debris morphology and the orbits of satellite galaxies}},
	volume = {454},
	year = 2015,
	bdsk-url-1 = {https://doi.org/10.1093/mnras/stv2035}}

@article{zhang:1999,
	adsnote = {Provided by the SAO/NASA Astrophysics Data System},
	adsurl = {https://ui.adsabs.harvard.edu/abs/1999ApJ...527L..81Z},
	archiveprefix = {arXiv},
	author = {{Zhang}, Qing and {Fall}, S. Michael},
	doi = {10.1086/312412},
	eprint = {astro-ph/9911229},
	journal = {\apjl},
	keywords = {GALAXIES: INDIVIDUAL: NGC NUMBER: NGC 4038/9, GALAXIES: INTERACTIONS, GALAXIES: STAR CLUSTERS, Galaxies: Individual: NGC Number: NGC 4038/9, Galaxies: Interactions, Galaxies: Star Clusters, Astrophysics},
	month = dec,
	number = {2},
	pages = {L81-L84},
	primaryclass = {astro-ph},
	title = {{The Mass Function of Young Star Clusters in the ``Antennae'' Galaxies}},
	volume = {527},
	year = 1999,
	bdsk-url-1 = {https://doi.org/10.1086/312412}}

@article{harris:1991,
	adsnote = {Provided by the SAO/NASA Astrophysics Data System},
	adsurl = {https://ui.adsabs.harvard.edu/abs/1991ARA&A..29..543H},
	author = {{Harris}, William E.},
	doi = {10.1146/annurev.aa.29.090191.002551},
	journal = {\araa},
	keywords = {Disk Galaxies, Dwarf Galaxies, Elliptical Galaxies, Globular Clusters, Irregular Galaxies, Galactic Evolution, Metallicity, Stellar Color, Stellar Luminosity, Astrophysics, Galaxies: Globular Clusters, Galaxies: Structure},
	month = jan,
	pages = {543-579},
	title = {{Globular cluster systems in galaxies beyond the Local Group.}},
	volume = {29},
	year = 1991,
	bdsk-url-1 = {https://doi.org/10.1146/annurev.aa.29.090191.002551}}

@article{fall:2001,
	adsnote = {Provided by the SAO/NASA Astrophysics Data System},
	adsurl = {https://ui.adsabs.harvard.edu/abs/2001ApJ...561..751F},
	archiveprefix = {arXiv},
	author = {{Fall}, S. Michael and {Zhang}, Qing},
	doi = {10.1086/323358},
	eprint = {astro-ph/0107298},
	journal = {\apj},
	keywords = {Celestial Mechanics, Stellar Dynamics, Galaxies: Kinematics and Dynamics, Galaxies: Star Clusters, Galaxy: Kinematics and Dynamics, Galaxy: Globular Clusters: General, Astrophysics},
	month = nov,
	number = {2},
	pages = {751-765},
	primaryclass = {astro-ph},
	title = {{Dynamical Evolution of the Mass Function of Globular Star Clusters}},
	volume = {561},
	year = 2001,
	bdsk-url-1 = {https://doi.org/10.1086/323358}}

@article{bovy:2015,
	adsnote = {Provided by the SAO/NASA Astrophysics Data System},
	adsurl = {https://ui.adsabs.harvard.edu/abs/2015ApJS..216...29B},
	archiveprefix = {arXiv},
	author = {{Bovy}, Jo},
	doi = {10.1088/0067-0049/216/2/29},
	eid = {29},
	eprint = {1412.3451},
	journal = {\apjs},
	keywords = {galaxies: general, galaxies: kinematics and dynamics, Galaxy: fundamental parameters, Astrophysics - Astrophysics of Galaxies, Astrophysics - Instrumentation and Methods for Astrophysics},
	month = feb,
	number = {2},
	pages = {29},
	primaryclass = {astro-ph.GA},
	title = {{galpy: A python Library for Galactic Dynamics}},
	volume = {216},
	year = 2015,
	bdsk-url-1 = {https://doi.org/10.1088/0067-0049/216/2/29}}

@article{hansen:2020,
	adsnote = {Provided by the SAO/NASA Astrophysics Data System},
	adsurl = {https://ui.adsabs.harvard.edu/abs/2020ApJ...901...23H},
	author = {{Hansen}, T.~T. and {Riley}, A.~H. and {Strigari}, L.~E. and {Marshall}, J.~L. and {Ferguson}, P.~S. and {Zepeda}, J. and {Sneden}, C.},
	doi = {10.3847/1538-4357/ababa5},
	eid = {23},
	journal = {\apj},
	keywords = {Milky Way dynamics, Chemical abundances, Globular star clusters, 1051, 224, 656},
	month = sep,
	number = {1},
	pages = {23},
	title = {{A Chemo-dynamical Link between the Gj{\"o}ll Stream and NGC 3201}},
	volume = {901},
	year = 2020,
	bdsk-url-1 = {https://doi.org/10.3847/1538-4357/ababa5}}

@article{bonaca:2020b,
	adsnote = {Provided by the SAO/NASA Astrophysics Data System},
	adsurl = {https://ui.adsabs.harvard.edu/abs/2020ApJ...892L..37B},
	archiveprefix = {arXiv},
	author = {{Bonaca}, Ana and {Conroy}, Charlie and {Hogg}, David W. and {Cargile}, Phillip A. and {Caldwell}, Nelson and {Naidu}, Rohan P. and {Price-Whelan}, Adrian M. and {Speagle}, Joshua S. and {Johnson}, Benjamin D.},
	doi = {10.3847/2041-8213/ab800c},
	eid = {L37},
	eprint = {2001.07215},
	journal = {\apjl},
	keywords = {Astrophysics - Astrophysics of Galaxies, Astrophysics - Solar and Stellar Astrophysics, High Energy Physics - Phenomenology},
	month = apr,
	number = {2},
	pages = {L37},
	primaryclass = {astro-ph.GA},
	title = {{High-resolution Spectroscopy of the GD-1 Stellar Stream Localizes the Perturber near the Orbital Plane of Sagittarius}},
	volume = {892},
	year = 2020,
	bdsk-url-1 = {https://doi.org/10.3847/2041-8213/ab800c}}

@article{ji:2020,
	adsnote = {Provided by the SAO/NASA Astrophysics Data System},
	adsurl = {https://ui.adsabs.harvard.edu/abs/2020arXiv200807568J},
	archiveprefix = {arXiv},
	author = {{Ji}, Alexander P. and {Li}, Ting S. and {Hansen}, Terese T. and {Casey}, Andrew R. and {Koposov}, Sergey E. and {Pace}, Andrew B. and {Mackey}, Dougal and {Lewis}, Geraint F. and {Simpson}, Jeffrey D. and {Bland-Hawthorn}, Joss and {Cullinane}, Lara R. and {Da Costa}, Gary. S. and {Hattori}, Kohei and {Martell}, Sarah L. and {Kuehn}, Kyler and {Erkal}, Denis and {Shipp}, Nora and {Wan}, Zhen and {Zucker}, Daniel B.},
	eid = {arXiv:2008.07568},
	eprint = {2008.07568},
	journal = {arXiv e-prints},
	keywords = {Astrophysics - Solar and Stellar Astrophysics, Astrophysics - Astrophysics of Galaxies},
	month = aug,
	pages = {arXiv:2008.07568},
	primaryclass = {astro-ph.SR},
	title = {{The Southern Stellar Stream Spectroscopic Survey (S5): Chemical Abundances of Seven Stellar Streams}},
	year = 2020}

@article{vasiliev:2020,
	adsnote = {Provided by the SAO/NASA Astrophysics Data System},
	adsurl = {https://ui.adsabs.harvard.edu/abs/2020arXiv200910726V},
	archiveprefix = {arXiv},
	author = {{Vasiliev}, Eugene and {Belokurov}, Vasily and {Erkal}, Denis},
	eid = {arXiv:2009.10726},
	eprint = {2009.10726},
	journal = {arXiv e-prints},
	keywords = {Astrophysics - Astrophysics of Galaxies},
	month = sep,
	pages = {arXiv:2009.10726},
	primaryclass = {astro-ph.GA},
	title = {{Tango for three: Sagittarius, LMC, and the Milky Way}},
	year = 2020}

@article{erkal:2019,
	adsnote = {Provided by the SAO/NASA Astrophysics Data System},
	adsurl = {https://ui.adsabs.harvard.edu/abs/2019MNRAS.487.2685E},
	archiveprefix = {arXiv},
	author = {{Erkal}, D. and {Belokurov}, V. and {Laporte}, C.~F.~P. and {Koposov}, S.~E. and {Li}, T.~S. and {Grillmair}, C.~J. and {Kallivayalil}, N. and {Price-Whelan}, A.~M. and {Evans}, N.~W. and {Hawkins}, K. and {Hendel}, D. and {Mateu}, C. and {Navarro}, J.~F. and {del Pino}, A. and {Slater}, C.~T. and {Sohn}, S.~T. and {Orphan Aspen Treasury Collaboration}},
	doi = {10.1093/mnras/stz1371},
	eprint = {1812.08192},
	journal = {\mnras},
	keywords = {Galaxy: evolution, Galaxy: halo, Galaxy: kinematics and dynamics, Galaxy: structure, Magellanic Clouds, Astrophysics - Astrophysics of Galaxies},
	month = aug,
	number = {2},
	pages = {2685-2700},
	primaryclass = {astro-ph.GA},
	title = {{The total mass of the Large Magellanic Cloud from its perturbation on the Orphan stream}},
	volume = {487},
	year = 2019,
	bdsk-url-1 = {https://doi.org/10.1093/mnras/stz1371}}

@article{gomez:2015,
	adsnote = {Provided by the SAO/NASA Astrophysics Data System},
	adsurl = {https://ui.adsabs.harvard.edu/abs/2015ApJ...802..128G},
	archiveprefix = {arXiv},
	author = {{G{\'o}mez}, Facundo A. and {Besla}, Gurtina and {Carpintero}, Daniel D. and {Villalobos}, {\'A}lvaro and {O'Shea}, Brian W. and {Bell}, Eric F.},
	doi = {10.1088/0004-637X/802/2/128},
	eid = {128},
	eprint = {1408.4128},
	journal = {\apj},
	keywords = {galaxies: formation, Galaxy: formation, Galaxy: halo, methods: analytical, methods: numerical, methods: statistical, Astrophysics - Astrophysics of Galaxies},
	month = apr,
	number = {2},
	pages = {128},
	primaryclass = {astro-ph.GA},
	title = {{And Yet it Moves: The Dangers of Artificially Fixing the Milky Way Center of Mass in the Presence of a Massive Large Magellanic Cloud}},
	volume = {802},
	year = 2015,
	bdsk-url-1 = {https://doi.org/10.1088/0004-637X/802/2/128}}

@article{petersen:2020,
	adsnote = {Provided by the SAO/NASA Astrophysics Data System},
	adsurl = {https://ui.adsabs.harvard.edu/abs/2020MNRAS.494L..11P},
	archiveprefix = {arXiv},
	author = {{Petersen}, Michael S. and {Pe{\~n}arrubia}, Jorge},
	doi = {10.1093/mnrasl/slaa029},
	eprint = {2001.09142},
	journal = {\mnras},
	keywords = {galaxies: Galaxy: halo, galaxies: kinematics and dynamics, Astrophysics - Astrophysics of Galaxies},
	month = may,
	number = {1},
	pages = {L11-L16},
	primaryclass = {astro-ph.GA},
	title = {{Reflex motion in the Milky Way stellar halo resulting from the Large Magellanic Cloud infall}},
	volume = {494},
	year = 2020,
	bdsk-url-1 = {https://doi.org/10.1093/mnrasl/slaa029}}

@article{garrow:2020,
	adsnote = {Provided by the SAO/NASA Astrophysics Data System},
	adsurl = {https://ui.adsabs.harvard.edu/abs/2020MNRAS.tmp.2602G},
	archiveprefix = {arXiv},
	author = {{Garrow}, Turner and {Webb}, Jeremy J. and {Bovy}, Jo},
	doi = {10.1093/mnras/staa2773},
	eprint = {2007.13752},
	journal = {\mnras},
	keywords = {Galaxy: globular clusters: general, Galaxy: structure, Galaxy: kinematics and dynamics, galaxies: dwarf, Astrophysics - Astrophysics of Galaxies},
	month = sep,
	primaryclass = {astro-ph.GA},
	title = {{The Effects of Dwarf Galaxies on the Orbital Evolution of Galactic Globular Clusters}},
	year = 2020,
	bdsk-url-1 = {https://doi.org/10.1093/mnras/staa2773}}

@article{varghese:2011,
	adsnote = {Provided by the SAO/NASA Astrophysics Data System},
	adsurl = {https://ui.adsabs.harvard.edu/abs/2011MNRAS.417..198V},
	archiveprefix = {arXiv},
	author = {{Varghese}, A. and {Ibata}, R. and {Lewis}, G.~F.},
	doi = {10.1111/j.1365-2966.2011.19097.x},
	eprint = {1106.1765},
	journal = {\mnras},
	keywords = {gravitation, dark matter, Astrophysics - Astrophysics of Galaxies, Astrophysics - Cosmology and Nongalactic Astrophysics},
	month = oct,
	number = {1},
	pages = {198-215},
	primaryclass = {astro-ph.GA},
	title = {{Stellar streams as probes of dark halo mass and morphology: a Bayesian reconstruction}},
	volume = {417},
	year = 2011,
	bdsk-url-1 = {https://doi.org/10.1111/j.1365-2966.2011.19097.x}}

@article{eyre:2011,
	adsnote = {Provided by the SAO/NASA Astrophysics Data System},
	adsurl = {https://ui.adsabs.harvard.edu/abs/2011MNRAS.413.1852E},
	archiveprefix = {arXiv},
	author = {{Eyre}, Andy and {Binney}, James},
	doi = {10.1111/j.1365-2966.2011.18270.x},
	eprint = {1011.3672},
	journal = {\mnras},
	keywords = {methods: analytical, methods: numerical, Galaxy: halo, Galaxy: kinematics and dynamics, Galaxy: structure, galaxies: interactions, Astrophysics - Galaxy Astrophysics, Astrophysics - Cosmology and Extragalactic Astrophysics},
	month = may,
	number = {3},
	pages = {1852-1874},
	primaryclass = {astro-ph.GA},
	title = {{The mechanics of tidal streams}},
	volume = {413},
	year = 2011,
	bdsk-url-1 = {https://doi.org/10.1111/j.1365-2966.2011.18270.x}}

@article{buckley:2019,
	adsnote = {Provided by the SAO/NASA Astrophysics Data System},
	adsurl = {https://ui.adsabs.harvard.edu/abs/2019arXiv190700987B},
	archiveprefix = {arXiv},
	author = {{Buckley}, Matthew R. and {Hogg}, David W. and {Price-Whelan}, Adrian M.},
	eid = {arXiv:1907.00987},
	eprint = {1907.00987},
	journal = {arXiv e-prints},
	keywords = {Astrophysics - Astrophysics of Galaxies},
	month = jul,
	pages = {arXiv:1907.00987},
	primaryclass = {astro-ph.GA},
	title = {{Applying Liouville's Theorem to Gaia Data}},
	year = 2019}

@article{hattori:2016,
	adsnote = {Provided by the SAO/NASA Astrophysics Data System},
	adsurl = {https://ui.adsabs.harvard.edu/abs/2016MNRAS.460..497H},
	archiveprefix = {arXiv},
	author = {{Hattori}, Kohei and {Erkal}, Denis and {Sanders}, Jason L.},
	doi = {10.1093/mnras/stw1006},
	eprint = {1512.04536},
	journal = {\mnras},
	keywords = {Galaxy: bulge, Galaxy: evolution, Galaxy: kinematics and dynamics, Galaxy: structure, Astrophysics - Astrophysics of Galaxies, Astrophysics - Cosmology and Nongalactic Astrophysics, Astrophysics - Solar and Stellar Astrophysics},
	month = jul,
	number = {1},
	pages = {497-512},
	primaryclass = {astro-ph.GA},
	title = {{Shepherding tidal debris with the Galactic bar: the Ophiuchus stream}},
	volume = {460},
	year = 2016,
	bdsk-url-1 = {https://doi.org/10.1093/mnras/stw1006}}

@article{price-whelan:2016,
	adsnote = {Provided by the SAO/NASA Astrophysics Data System},
	adsurl = {https://ui.adsabs.harvard.edu/abs/2016ApJ...824..104P},
	archiveprefix = {arXiv},
	author = {{Price-Whelan}, Adrian M. and {Sesar}, Branimir and {Johnston}, Kathryn V. and {Rix}, Hans-Walter},
	doi = {10.3847/0004-637X/824/2/104},
	eid = {104},
	eprint = {1601.06790},
	journal = {\apj},
	keywords = {Galaxy: evolution, Galaxy: halo, Galaxy: kinematics and dynamics, Galaxy: structure, globular clusters: general, stars: kinematics and dynamics, Astrophysics - Astrophysics of Galaxies},
	month = jun,
	number = {2},
	pages = {104},
	primaryclass = {astro-ph.GA},
	title = {{Spending Too Much Time at the Galactic Bar: Chaotic Fanning of the Ophiuchus Stream}},
	volume = {824},
	year = 2016,
	bdsk-url-1 = {https://doi.org/10.3847/0004-637X/824/2/104}}

@article{malhan:2019,
	adsnote = {Provided by the SAO/NASA Astrophysics Data System},
	adsurl = {https://ui.adsabs.harvard.edu/abs/2019ApJ...886L...7M},
	archiveprefix = {arXiv},
	author = {{Malhan}, Khyati and {Ibata}, Rodrigo A. and {Carlberg}, Raymond G. and {Bellazzini}, Michele and {Famaey}, Benoit and {Martin}, Nicolas F.},
	doi = {10.3847/2041-8213/ab530e},
	eid = {L7},
	eprint = {1911.00009},
	journal = {\apjl},
	keywords = {Globular star clusters, Dark matter, Stellar kinematics, Milky Way stellar halo, 656, 353, 1608, 1060, Astrophysics - Astrophysics of Galaxies},
	month = nov,
	number = {1},
	pages = {L7},
	primaryclass = {astro-ph.GA},
	title = {{Phase-space Correlation in Stellar Streams of the Milky Way Halo: The Clash of Kshir and GD-1}},
	volume = {886},
	year = 2019,
	bdsk-url-1 = {https://doi.org/10.3847/2041-8213/ab530e}}

@article{garavito-camargo:2020,
	adsnote = {Provided by the SAO/NASA Astrophysics Data System},
	adsurl = {https://ui.adsabs.harvard.edu/abs/2020arXiv201000816G},
	archiveprefix = {arXiv},
	author = {{Garavito-Camargo}, Nicolas and {Besla}, Gurtina and {Laporte}, Chervin F.~P. and {Price-Whelan}, Adrian M. and {Cunningham}, Emily C. and {Johnston}, Kathryn V. and {Weinberg}, Martin D. and {Gomez}, Facundo A.},
	eid = {arXiv:2010.00816},
	eprint = {2010.00816},
	journal = {arXiv e-prints},
	keywords = {Astrophysics - Astrophysics of Galaxies},
	month = oct,
	pages = {arXiv:2010.00816},
	primaryclass = {astro-ph.GA},
	title = {{Quantifying the impact of the Large Magellanic Cloud on the structure of the Milky Way's dark matter halo using Basis Function Expansions}},
	year = 2020}

@article{grillmair:2016,
	adsnote = {Provided by the SAO/NASA Astrophysics Data System},
	adsurl = {https://ui.adsabs.harvard.edu/abs/2016ApJ...820L..27G},
	archiveprefix = {arXiv},
	author = {{Grillmair}, Carl J. and {Carlberg}, Raymond G.},
	doi = {10.3847/2041-8205/820/2/L27},
	eid = {L27},
	eprint = {1603.02278},
	journal = {\apjl},
	keywords = {Galaxy: halo, Galaxy: structure, Astrophysics - Astrophysics of Galaxies},
	month = apr,
	number = {2},
	pages = {L27},
	primaryclass = {astro-ph.GA},
	title = {{What a Tangled Web We Weave: Hermus as the Northern Extension of the Phoenix Stream}},
	volume = {820},
	year = 2016,
	bdsk-url-1 = {https://doi.org/10.3847/2041-8205/820/2/L27}}

@article{deboer:2020,
	adsnote = {Provided by the SAO/NASA Astrophysics Data System},
	adsurl = {https://ui.adsabs.harvard.edu/abs/2020MNRAS.494.5315D},
	archiveprefix = {arXiv},
	author = {{de Boer}, T.~J.~L. and {Erkal}, D. and {Gieles}, M.},
	doi = {10.1093/mnras/staa917},
	eprint = {1911.05745},
	journal = {\mnras},
	keywords = {Hertzsprung-Russell and colour-magnitude diagrams, Galaxy: fundamental parameters, Galaxy: halo, Galaxy: kinematics and dynamics, Galaxy: structure, Astrophysics - Astrophysics of Galaxies},
	month = apr,
	number = {4},
	pages = {5315-5332},
	primaryclass = {astro-ph.GA},
	title = {{A closer look at the spur, blob, wiggle, and gaps in GD-1}},
	volume = {494},
	year = 2020,
	bdsk-url-1 = {https://doi.org/10.1093/mnras/staa917}}

@article{just:2009,
	adsnote = {Provided by the SAO/NASA Astrophysics Data System},
	adsurl = {https://ui.adsabs.harvard.edu/abs/2009MNRAS.392..969J},
	archiveprefix = {arXiv},
	author = {{Just}, A. and {Berczik}, P. and {Petrov}, M.~I. and {Ernst}, A.},
	doi = {10.1111/j.1365-2966.2008.14099.x},
	eprint = {0808.3293},
	journal = {\mnras},
	keywords = {Galaxy: evolution, Galaxy: kinematics and dynamics, open clusters and associations: general, Galaxy: stellar content, Astrophysics},
	month = jan,
	number = {3},
	pages = {969-981},
	primaryclass = {astro-ph},
	title = {{Quantitative analysis of clumps in the tidal tails of star clusters}},
	volume = {392},
	year = 2009,
	bdsk-url-1 = {https://doi.org/10.1111/j.1365-2966.2008.14099.x}}

@article{kupper:2008,
	adsnote = {Provided by the SAO/NASA Astrophysics Data System},
	adsurl = {https://ui.adsabs.harvard.edu/abs/2008MNRAS.387.1248K},
	archiveprefix = {arXiv},
	author = {{K{\"u}pper}, Andreas H.~W. and {MacLeod}, Andrew and {Heggie}, Douglas C.},
	doi = {10.1111/j.1365-2966.2008.13323.x},
	eprint = {0804.2476},
	journal = {\mnras},
	keywords = {methods: analytical, methods: N-body simulations, galaxies: kinematics and dynamics, galaxies: star clusters, Astrophysics},
	month = jul,
	number = {3},
	pages = {1248-1252},
	primaryclass = {astro-ph},
	title = {{On the structure of tidal tails}},
	volume = {387},
	year = 2008,
	bdsk-url-1 = {https://doi.org/10.1111/j.1365-2966.2008.13323.x}}

@article{kupper:2010,
	adsnote = {Provided by the SAO/NASA Astrophysics Data System},
	adsurl = {https://ui.adsabs.harvard.edu/abs/2010MNRAS.401..105K},
	archiveprefix = {arXiv},
	author = {{K{\"u}pper}, Andreas H.~W. and {Kroupa}, Pavel and {Baumgardt}, Holger and {Heggie}, Douglas C.},
	doi = {10.1111/j.1365-2966.2009.15690.x},
	eprint = {0909.2619},
	journal = {\mnras},
	keywords = {methods: analytical, methods: N-body simulations, galaxies: haloes, galaxies: kinematics and dynamics, galaxies: star clusters, dark matter, Astrophysics - Solar and Stellar Astrophysics, Astrophysics - Astrophysics of Galaxies},
	month = jan,
	number = {1},
	pages = {105-120},
	primaryclass = {astro-ph.SR},
	title = {{Tidal tails of star clusters}},
	volume = {401},
	year = 2010,
	bdsk-url-1 = {https://doi.org/10.1111/j.1365-2966.2009.15690.x}}

@article{ibata:2020,
	adsnote = {Provided by the SAO/NASA Astrophysics Data System},
	adsurl = {https://ui.adsabs.harvard.edu/abs/2020ApJ...891..161I},
	archiveprefix = {arXiv},
	author = {{Ibata}, Rodrigo and {Thomas}, Guillaume and {Famaey}, Benoit and {Malhan}, Khyati and {Martin}, Nicolas and {Monari}, Giacomo},
	doi = {10.3847/1538-4357/ab7303},
	eid = {161},
	eprint = {2002.01488},
	journal = {\apj},
	keywords = {1051, 1596, 1963, 1054, 1049, 353, Astrophysics - Astrophysics of Galaxies},
	month = mar,
	number = {2},
	pages = {161},
	primaryclass = {astro-ph.GA},
	title = {{Detection of Strong Epicyclic Density Spikes in the GD-1 Stellar Stream: An Absence of Evidence for the Influence of Dark Matter Subhalos?}},
	volume = {891},
	year = 2020,
	bdsk-url-1 = {https://doi.org/10.3847/1538-4357/ab7303}}

@article{johnston:2002,
	adsnote = {Provided by the SAO/NASA Astrophysics Data System},
	adsurl = {https://ui.adsabs.harvard.edu/abs/2002ApJ...570..656J},
	archiveprefix = {arXiv},
	author = {{Johnston}, Kathryn V. and {Spergel}, David N. and {Haydn}, Christian},
	doi = {10.1086/339791},
	eprint = {astro-ph/0111196},
	journal = {\apj},
	keywords = {Cosmology: Dark Matter, Galaxy: Halo, Galaxy: Kinematics and Dynamics, Galaxy: Structure, Astrophysics},
	month = may,
	number = {2},
	pages = {656-664},
	primaryclass = {astro-ph},
	title = {{How Lumpy Is the Milky Way's Dark Matter Halo?}},
	volume = {570},
	year = 2002,
	bdsk-url-1 = {https://doi.org/10.1086/339791}}

@article{erkal:2015,
	adsnote = {Provided by the SAO/NASA Astrophysics Data System},
	adsurl = {https://ui.adsabs.harvard.edu/abs/2015MNRAS.450.1136E},
	archiveprefix = {arXiv},
	author = {{Erkal}, Denis and {Belokurov}, Vasily},
	doi = {10.1093/mnras/stv655},
	eprint = {1412.6035},
	journal = {\mnras},
	keywords = {galaxies: haloes, galaxies: kinematics and dynamics, galaxies: structure, cosmology: theory, dark matter, Astrophysics - Astrophysics of Galaxies},
	month = jun,
	number = {1},
	pages = {1136-1149},
	primaryclass = {astro-ph.GA},
	title = {{Forensics of subhalo-stream encounters: the three phases of gap growth}},
	volume = {450},
	year = 2015,
	bdsk-url-1 = {https://doi.org/10.1093/mnras/stv655}}

@article{carlberg:2009,
	adsnote = {Provided by the SAO/NASA Astrophysics Data System},
	adsurl = {https://ui.adsabs.harvard.edu/abs/2009ApJ...705L.223C},
	archiveprefix = {arXiv},
	author = {{Carlberg}, R.~G.},
	doi = {10.1088/0004-637X/705/2/L223},
	eprint = {0908.4345},
	journal = {\apjl},
	keywords = {dark matter, galaxies: dwarf, Galaxy: halo, Galaxy: kinematics and dynamics, Galaxy: structure, Local Group, Astrophysics - Cosmology and Nongalactic Astrophysics, Astrophysics - Astrophysics of Galaxies},
	month = nov,
	number = {2},
	pages = {L223-L226},
	primaryclass = {astro-ph.CO},
	title = {{Star Stream Folding by Dark Galactic Subhalos}},
	volume = {705},
	year = 2009,
	bdsk-url-1 = {https://doi.org/10.1088/0004-637X/705/2/L223}}

@article{malhan:2018,
	adsnote = {Provided by the SAO/NASA Astrophysics Data System},
	adsurl = {https://ui.adsabs.harvard.edu/abs/2018MNRAS.481.3442M},
	archiveprefix = {arXiv},
	author = {{Malhan}, Khyati and {Ibata}, Rodrigo A. and {Martin}, Nicolas F.},
	doi = {10.1093/mnras/sty2474},
	eprint = {1804.11339},
	journal = {\mnras},
	keywords = {stars: kinematics and dynamics, Galaxy: halo, Galaxy: kinematics and dynamics, Galaxy: structure, Astrophysics - Astrophysics of Galaxies},
	month = dec,
	number = {3},
	pages = {3442-3455},
	primaryclass = {astro-ph.GA},
	title = {{Ghostly tributaries to the Milky Way: charting the halo's stellar streams with the Gaia DR2 catalogue}},
	volume = {481},
	year = 2018,
	bdsk-url-1 = {https://doi.org/10.1093/mnras/sty2474}}

@article{ibata:2018,
	adsnote = {Provided by the SAO/NASA Astrophysics Data System},
	adsurl = {https://ui.adsabs.harvard.edu/abs/2018ApJ...865...85I},
	archiveprefix = {arXiv},
	author = {{Ibata}, Rodrigo A. and {Malhan}, Khyati and {Martin}, Nicolas F. and {Starkenburg}, Else},
	doi = {10.3847/1538-4357/aadba3},
	eid = {85},
	eprint = {1806.01195},
	journal = {\apj},
	keywords = {galaxies: formation, Galaxy: halo, Galaxy: stellar content, Galaxy: structure, surveys, Astrophysics - Astrophysics of Galaxies},
	month = oct,
	number = {2},
	pages = {85},
	primaryclass = {astro-ph.GA},
	title = {{Phlegethon, a Nearby 75{\textdegree}-long Retrograde Stellar Stream}},
	volume = {865},
	year = 2018,
	bdsk-url-1 = {https://doi.org/10.3847/1538-4357/aadba3}}

@article{caldwell:2020,
	adsnote = {Provided by the SAO/NASA Astrophysics Data System},
	adsurl = {https://ui.adsabs.harvard.edu/abs/2020AJ....159..287C},
	archiveprefix = {arXiv},
	author = {{Caldwell}, Nelson and {Bonaca}, Ana and {Price-Whelan}, Adrian M. and {Sesar}, Branimir and {Walker}, Matthew G.},
	doi = {10.3847/1538-3881/ab8cbf},
	eid = {287},
	eprint = {2004.14350},
	journal = {\aj},
	keywords = {Galaxy structure, Galaxy stellar halos, Milky Way stellar halo, Globular star clusters, 622, 598, 1060, 656, Astrophysics - Astrophysics of Galaxies},
	month = jun,
	number = {6},
	pages = {287},
	primaryclass = {astro-ph.GA},
	title = {{A Larger Extent for the Ophiuchus Stream}},
	volume = {159},
	year = 2020,
	bdsk-url-1 = {https://doi.org/10.3847/1538-3881/ab8cbf}}

@article{huang:2019,
	adsnote = {Provided by the SAO/NASA Astrophysics Data System},
	adsurl = {https://ui.adsabs.harvard.edu/abs/2019ApJ...877...13H},
	archiveprefix = {arXiv},
	author = {{Huang}, Y. and {Chen}, B. -Q. and {Zhang}, H. -W. and {Yuan}, H. -B. and {Xiang}, M. -S. and {Wang}, C. and {Tian}, Z. -J. and {Liu}, X. -W.},
	doi = {10.3847/1538-4357/ab158a},
	eid = {13},
	eprint = {1806.03748},
	journal = {\apj},
	keywords = {Galaxy: fundamental parameters, Galaxy: halo, Galaxy: structure, Astrophysics - Astrophysics of Galaxies},
	month = may,
	number = {1},
	pages = {13},
	primaryclass = {astro-ph.GA},
	title = {{Member Stars of the GD-1 Tidal Stream from the SDSS, LAMOST, and Gaia Surveys}},
	volume = {877},
	year = 2019,
	bdsk-url-1 = {https://doi.org/10.3847/1538-4357/ab158a}}

@article{sesar:2015,
	adsnote = {Provided by the SAO/NASA Astrophysics Data System},
	adsurl = {https://ui.adsabs.harvard.edu/abs/2015ApJ...809...59S},
	archiveprefix = {arXiv},
	author = {{Sesar}, Branimir and {Bovy}, Jo and {Bernard}, Edouard J. and {Caldwell}, Nelson and {Cohen}, Judith G. and {Fouesneau}, Morgan and {Johnson}, Christian I. and {Ness}, Melissa and {Ferguson}, Annette M.~N. and {Martin}, Nicolas F. and {Price-Whelan}, Adrian M. and {Rix}, Hans-Walter and {Schlafly}, Edward F. and {Burgett}, William S. and {Chambers}, Kenneth C. and {Flewelling}, Heather and {Hodapp}, Klaus W. and {Kaiser}, Nick and {Magnier}, Eugene A. and {Platais}, Imants and {Tonry}, John L. and {Waters}, Christopher and {Wyse}, Rosemary F.~G.},
	doi = {10.1088/0004-637X/809/1/59},
	eid = {59},
	eprint = {1501.00581},
	journal = {\apj},
	keywords = {Galaxy: halo, Galaxy: kinematics and dynamics, Galaxy: structure, globular clusters: general, Astrophysics - Astrophysics of Galaxies},
	month = aug,
	number = {1},
	pages = {59},
	primaryclass = {astro-ph.GA},
	title = {{The Nature and Orbit of the Ophiuchus Stream}},
	volume = {809},
	year = 2015,
	bdsk-url-1 = {https://doi.org/10.1088/0004-637X/809/1/59}}

@article{renaud:2017,
	adsnote = {Provided by the SAO/NASA Astrophysics Data System},
	adsurl = {https://ui.adsabs.harvard.edu/abs/2017MNRAS.465.3622R},
	archiveprefix = {arXiv},
	author = {{Renaud}, Florent and {Agertz}, Oscar and {Gieles}, Mark},
	doi = {10.1093/mnras/stw2969},
	eprint = {1610.03101},
	journal = {\mnras},
	keywords = {methods: numerical, galaxies: formation, galaxies: star clusters: general, Astrophysics - Astrophysics of Galaxies},
	month = mar,
	number = {3},
	pages = {3622-3636},
	primaryclass = {astro-ph.GA},
	title = {{The origin of the Milky Way globular clusters}},
	volume = {465},
	year = 2017,
	bdsk-url-1 = {https://doi.org/10.1093/mnras/stw2969}}

@article{gardner:2006,
	adsnote = {Provided by the SAO/NASA Astrophysics Data System},
	adsurl = {https://ui.adsabs.harvard.edu/abs/2006SSRv..123..485G},
	archiveprefix = {arXiv},
	author = {{Gardner}, Jonathan P. and {Mather}, John C. and {Clampin}, Mark and {Doyon}, Rene and {Greenhouse}, Matthew A. and {Hammel}, Heidi B. and {Hutchings}, John B. and {Jakobsen}, Peter and {Lilly}, Simon J. and {Long}, Knox S. and {Lunine}, Jonathan I. and {McCaughrean}, Mark J. and {Mountain}, Matt and {Nella}, John and {Rieke}, George H. and {Rieke}, Marcia J. and {Rix}, Hans-Walter and {Smith}, Eric P. and {Sonneborn}, George and {Stiavelli}, Massimo and {Stockman}, H.~S. and {Windhorst}, Rogier A. and {Wright}, Gillian S.},
	doi = {10.1007/s11214-006-8315-7},
	eprint = {astro-ph/0606175},
	journal = {\ssr},
	keywords = {galaxies: formation, infrared: general, planetary systems, space vehicles: instruments, stars: formation, Astrophysics},
	month = apr,
	number = {4},
	pages = {485-606},
	primaryclass = {astro-ph},
	title = {{The James Webb Space Telescope}},
	volume = {123},
	year = 2006,
	bdsk-url-1 = {https://doi.org/10.1007/s11214-006-8315-7}}

@article{balbinot:2016,
	adsnote = {Provided by the SAO/NASA Astrophysics Data System},
	adsurl = {https://ui.adsabs.harvard.edu/abs/2016ApJ...820...58B},
	archiveprefix = {arXiv},
	author = {{Balbinot}, E. and {Yanny}, B. and {Li}, T.~S. and {Santiago}, B. and {Marshall}, J.~L. and {Finley}, D.~A. and {Pieres}, A. and {Abbott}, T.~M.~C. and {Abdalla}, F.~B. and {Allam}, S. and {Benoit-L{\'e}vy}, A. and {Bernstein}, G.~M. and {Bertin}, E. and {Brooks}, D. and {Burke}, D.~L. and {Carnero Rosell}, A. and {Carrasco Kind}, M. and {Carretero}, J. and {Cunha}, C.~E. and {da Costa}, L.~N. and {DePoy}, D.~L. and {Desai}, S. and {Diehl}, H.~T. and {Doel}, P. and {Estrada}, J. and {Flaugher}, B. and {Frieman}, J. and {Gerdes}, D.~W. and {Gruen}, D. and {Gruendl}, R.~A. and {Honscheid}, K. and {James}, D.~J. and {Kuehn}, K. and {Kuropatkin}, N. and {Lahav}, O. and {March}, M. and {Martini}, P. and {Miquel}, R. and {Nichol}, R.~C. and {Ogando}, R. and {Romer}, A.~K. and {Sanchez}, E. and {Schubnell}, M. and {Sevilla-Noarbe}, I. and {Smith}, R.~C. and {Soares-Santos}, M. and {Sobreira}, F. and {Suchyta}, E. and {Tarle}, G. and {Thomas}, D. and {Tucker}, D. and {Walker}, A.~R. and {DES Collaboration}},
	doi = {10.3847/0004-637X/820/1/58},
	eid = {58},
	eprint = {1509.04283},
	journal = {\apj},
	keywords = {Galaxy: halo, Galaxy: structure, Astrophysics - Astrophysics of Galaxies},
	month = mar,
	number = {1},
	pages = {58},
	primaryclass = {astro-ph.GA},
	title = {{The Phoenix Stream: A Cold Stream in the Southern Hemisphere}},
	volume = {820},
	year = 2016,
	bdsk-url-1 = {https://doi.org/10.3847/0004-637X/820/1/58}}

@article{bernard:2016,
	adsnote = {Provided by the SAO/NASA Astrophysics Data System},
	adsurl = {https://ui.adsabs.harvard.edu/abs/2016MNRAS.463.1759B},
	archiveprefix = {arXiv},
	author = {{Bernard}, Edouard J. and {Ferguson}, Annette M.~N. and {Schlafly}, Edward F. and {Martin}, Nicolas F. and {Rix}, Hans-Walter and {Bell}, Eric F. and {Finkbeiner}, Douglas P. and {Goldman}, Bertrand and {Mart{\'\i}nez-Delgado}, David and {Sesar}, Branimir and {Wyse}, Rosemary F.~G. and {Burgett}, William S. and {Chambers}, Kenneth C. and {Draper}, Peter W. and {Hodapp}, Klaus W. and {Kaiser}, Nicholas and {Kudritzki}, Rolf-Peter and {Magnier}, Eugene A. and {Metcalfe}, Nigel and {Wainscoat}, Richard J. and {Waters}, Christopher},
	doi = {10.1093/mnras/stw2134},
	eprint = {1607.06088},
	journal = {\mnras},
	keywords = {Hertzsprung-Russell and colour-magnitude diagrams, surveys, Galaxy: halo, Galaxy: structure, Astrophysics - Astrophysics of Galaxies},
	month = dec,
	number = {2},
	pages = {1759-1768},
	primaryclass = {astro-ph.GA},
	title = {{A Synoptic Map of Halo Substructures from the Pan-STARRS1 3{\ensuremath{\pi}} Survey}},
	volume = {463},
	year = 2016,
	bdsk-url-1 = {https://doi.org/10.1093/mnras/stw2134}}

@article{li:2017,
	adsnote = {Provided by the SAO/NASA Astrophysics Data System},
	adsurl = {https://ui.adsabs.harvard.edu/abs/2017RAA....17...62L},
	archiveprefix = {arXiv},
	author = {{Li}, Guang-Wei and {Yanny}, Brian and {Zhang}, Hao-Tong and {Bai}, Zong-Rui and {Wu}, Yue and {Dong}, Yi-Qiao and {Lei}, Ya-Juan and {Yuan}, Hai-Long and {Hou}, Yong-Hui and {Wang}, Yue-Fei and {Zhang}, Yong},
	doi = {10.1088/1674-4527/17/6/62},
	eid = {062},
	eprint = {1703.07153},
	journal = {Research in Astronomy and Astrophysics},
	keywords = {Astrophysics - Astrophysics of Galaxies},
	month = may,
	number = {6},
	pages = {062},
	primaryclass = {astro-ph.GA},
	title = {{Candidate members of the Pal 5, GD-1, Cetus Polar and Orphan tidal stellar halo streams from SDSS DR9, LAMOST DR3 and APOGEE catalogs}},
	volume = {17},
	year = 2017,
	bdsk-url-1 = {https://doi.org/10.1088/1674-4527/17/6/62}}

@article{marin-franch:2009,
	adsnote = {Provided by the SAO/NASA Astrophysics Data System},
	adsurl = {https://ui.adsabs.harvard.edu/abs/2009ApJ...694.1498M},
	archiveprefix = {arXiv},
	author = {{Mar{\'\i}n-Franch}, Antonio and {Aparicio}, Antonio and {Piotto}, Giampaolo and {Rosenberg}, Alfred and {Chaboyer}, Brian and {Sarajedini}, Ata and {Siegel}, Michael and {Anderson}, Jay and {Bedin}, Luigi R. and {Dotter}, Aaron and {Hempel}, Maren and {King}, Ivan and {Majewski}, Steven and {Milone}, Antonino P. and {Paust}, Nathaniel and {Reid}, I. Neill},
	doi = {10.1088/0004-637X/694/2/1498},
	eprint = {0812.4541},
	journal = {\apj},
	keywords = {Galaxy: evolution, Galaxy: formation, globular clusters: general, Astrophysics},
	month = apr,
	number = {2},
	pages = {1498-1516},
	primaryclass = {astro-ph},
	title = {{The ACS Survey of Galactic Globular Clusters. VII. Relative Ages}},
	volume = {694},
	year = 2009,
	bdsk-url-1 = {https://doi.org/10.1088/0004-637X/694/2/1498}}

@article{leaman:2013,
	adsnote = {Provided by the SAO/NASA Astrophysics Data System},
	adsurl = {https://ui.adsabs.harvard.edu/abs/2013MNRAS.436..122L},
	archiveprefix = {arXiv},
	author = {{Leaman}, Ryan and {VandenBerg}, Don A. and {Mendel}, J. Trevor},
	doi = {10.1093/mnras/stt1540},
	eprint = {1309.0822},
	journal = {\mnras},
	keywords = {Galaxy: formation, globular clusters: general, galaxies: dwarf, Astrophysics - Astrophysics of Galaxies},
	month = nov,
	number = {1},
	pages = {122-135},
	primaryclass = {astro-ph.GA},
	title = {{The bifurcated age-metallicity relation of Milky Way globular clusters and its implications for the accretion history of the galaxy}},
	volume = {436},
	year = 2013,
	bdsk-url-1 = {https://doi.org/10.1093/mnras/stt1540}}

@article{dehnen:2004,
	adsnote = {Provided by the SAO/NASA Astrophysics Data System},
	adsurl = {https://ui.adsabs.harvard.edu/abs/2004AJ....127.2753D},
	archiveprefix = {arXiv},
	author = {{Dehnen}, Walter and {Odenkirchen}, Michael and {Grebel}, Eva K. and {Rix}, Hans-Walter},
	doi = {10.1086/383214},
	eprint = {astro-ph/0401422},
	journal = {\aj},
	keywords = {Galaxy: Halo, Galaxy: Globular Clusters: General, Galaxy: Globular Clusters: Individual: Name: Palomar 5, Methods: N-Body Simulations, Stellar Dynamics, Astrophysics},
	month = may,
	number = {5},
	pages = {2753-2770},
	primaryclass = {astro-ph},
	title = {{Modeling the Disruption of the Globular Cluster Palomar 5 by Galactic Tides}},
	volume = {127},
	year = 2004,
	bdsk-url-1 = {https://doi.org/10.1086/383214}}

@article{malhan:2019b,
	adsnote = {Provided by the SAO/NASA Astrophysics Data System},
	adsurl = {https://ui.adsabs.harvard.edu/abs/2019MNRAS.486.2995M},
	archiveprefix = {arXiv},
	author = {{Malhan}, Khyati and {Ibata}, Rodrigo A.},
	doi = {10.1093/mnras/stz1035},
	eprint = {1807.05994},
	journal = {\mnras},
	keywords = {stars: kinematics and dynamics, Galaxy: fundamental parameters, Galaxy: halo, Galaxy: structure, dark matter, Astrophysics - Astrophysics of Galaxies},
	month = jul,
	number = {3},
	pages = {2995-3005},
	primaryclass = {astro-ph.GA},
	title = {{Constraining the Milky Way halo potential with the GD-1 stellar stream}},
	volume = {486},
	year = 2019,
	bdsk-url-1 = {https://doi.org/10.1093/mnras/stz1035}}

@article{bovy:2016,
	adsnote = {Provided by the SAO/NASA Astrophysics Data System},
	adsurl = {https://ui.adsabs.harvard.edu/abs/2016ApJ...833...31B},
	archiveprefix = {arXiv},
	author = {{Bovy}, Jo and {Bahmanyar}, Anita and {Fritz}, Tobias K. and {Kallivayalil}, Nitya},
	doi = {10.3847/1538-4357/833/1/31},
	eid = {31},
	eprint = {1609.01298},
	journal = {\apj},
	keywords = {dark matter, Galaxy: fundamental parameters, Galaxy: halo, Galaxy: kinematics and dynamics, Galaxy: structure, globular clusters: individual: Palomar 5, Astrophysics - Astrophysics of Galaxies, Astrophysics - Cosmology and Nongalactic Astrophysics},
	month = dec,
	number = {1},
	pages = {31},
	primaryclass = {astro-ph.GA},
	title = {{The Shape of the Inner Milky Way Halo from Observations of the Pal 5 and GD--1 Stellar Streams}},
	volume = {833},
	year = 2016,
	bdsk-url-1 = {https://doi.org/10.3847/1538-4357/833/1/31}}

@article{gravity:2018,
	adsnote = {Provided by the SAO/NASA Astrophysics Data System},
	adsurl = {https://ui.adsabs.harvard.edu/abs/2018A&A...615L..15G},
	archiveprefix = {arXiv},
	author = {{Gravity Collaboration} and {Abuter}, R. and {Amorim}, A. and {Anugu}, N. and {Baub{\"o}ck}, M. and {Benisty}, M. and {Berger}, J.~P. and {Blind}, N. and {Bonnet}, H. and {Brandner}, W. and {Buron}, A. and {Collin}, C. and {Chapron}, F. and {Cl{\'e}net}, Y. and {Coud{\'e} Du Foresto}, V. and {de Zeeuw}, P.~T. and {Deen}, C. and {Delplancke-Str{\"o}bele}, F. and {Dembet}, R. and {Dexter}, J. and {Duvert}, G. and {Eckart}, A. and {Eisenhauer}, F. and {Finger}, G. and {F{\"o}rster Schreiber}, N.~M. and {F{\'e}dou}, P. and {Garcia}, P. and {Garcia Lopez}, R. and {Gao}, F. and {Gendron}, E. and {Genzel}, R. and {Gillessen}, S. and {Gordo}, P. and {Habibi}, M. and {Haubois}, X. and {Haug}, M. and {Hau{\ss}mann}, F. and {Henning}, Th. and {Hippler}, S. and {Horrobin}, M. and {Hubert}, Z. and {Hubin}, N. and {Jimenez Rosales}, A. and {Jochum}, L. and {Jocou}, K. and {Kaufer}, A. and {Kellner}, S. and {Kendrew}, S. and {Kervella}, P. and {Kok}, Y. and {Kulas}, M. and {Lacour}, S. and {Lapeyr{\`e}re}, V. and {Lazareff}, B. and {Le Bouquin}, J. -B. and {L{\'e}na}, P. and {Lippa}, M. and {Lenzen}, R. and {M{\'e}rand}, A. and {M{\"u}ler}, E. and {Neumann}, U. and {Ott}, T. and {Palanca}, L. and {Paumard}, T. and {Pasquini}, L. and {Perraut}, K. and {Perrin}, G. and {Pfuhl}, O. and {Plewa}, P.~M. and {Rabien}, S. and {Ram{\'\i}rez}, A. and {Ramos}, J. and {Rau}, C. and {Rodr{\'\i}guez-Coira}, G. and {Rohloff}, R. -R. and {Rousset}, G. and {Sanchez-Bermudez}, J. and {Scheithauer}, S. and {Sch{\"o}ller}, M. and {Schuler}, N. and {Spyromilio}, J. and {Straub}, O. and {Straubmeier}, C. and {Sturm}, E. and {Tacconi}, L.~J. and {Tristram}, K.~R.~W. and {Vincent}, F. and {von Fellenberg}, S. and {Wank}, I. and {Waisberg}, I. and {Widmann}, F. and {Wieprecht}, E. and {Wiest}, M. and {Wiezorrek}, E. and {Woillez}, J. and {Yazici}, S. and {Ziegler}, D. and {Zins}, G.},
	doi = {10.1051/0004-6361/201833718},
	eid = {L15},
	eprint = {1807.09409},
	journal = {\aap},
	keywords = {Galaxy: center, gravitation, black hole physics, Astrophysics - Astrophysics of Galaxies, General Relativity and Quantum Cosmology, Physics - Classical Physics},
	month = jul,
	pages = {L15},
	primaryclass = {astro-ph.GA},
	title = {{Detection of the gravitational redshift in the orbit of the star S2 near the Galactic centre massive black hole}},
	volume = {615},
	year = 2018,
	bdsk-url-1 = {https://doi.org/10.1051/0004-6361/201833718}}

@article{bennett:2019,
	adsnote = {Provided by the SAO/NASA Astrophysics Data System},
	adsurl = {https://ui.adsabs.harvard.edu/abs/2019MNRAS.482.1417B},
	archiveprefix = {arXiv},
	author = {{Bennett}, Morgan and {Bovy}, Jo},
	doi = {10.1093/mnras/sty2813},
	eprint = {1809.03507},
	journal = {\mnras},
	keywords = {instabilities, Galaxy: disc, Galaxy: fundamental parameters, Galaxy: kinematics and dynamics, solar neighbourhood, Galaxy: structure, Astrophysics - Astrophysics of Galaxies},
	month = jan,
	number = {1},
	pages = {1417-1425},
	primaryclass = {astro-ph.GA},
	title = {{Vertical waves in the solar neighbourhood in Gaia DR2}},
	volume = {482},
	year = 2019,
	bdsk-url-1 = {https://doi.org/10.1093/mnras/sty2813}}

@article{reid:2004,
	adsnote = {Provided by the SAO/NASA Astrophysics Data System},
	adsurl = {https://ui.adsabs.harvard.edu/abs/2004ApJ...616..872R},
	archiveprefix = {arXiv},
	author = {{Reid}, M.~J. and {Brunthaler}, A.},
	doi = {10.1086/424960},
	eprint = {astro-ph/0408107},
	journal = {\apj},
	keywords = {Astrometry, Black Hole Physics, Galaxy: Center, Galaxy: Fundamental Parameters, Galaxy: Structure, Astrophysics},
	month = dec,
	number = {2},
	pages = {872-884},
	primaryclass = {astro-ph},
	title = {{The Proper Motion of Sagittarius A*. II. The Mass of Sagittarius A*}},
	volume = {616},
	year = 2004,
	bdsk-url-1 = {https://doi.org/10.1086/424960}}

@article{drimmel:2018,
	adsnote = {Provided by the SAO/NASA Astrophysics Data System},
	adsurl = {https://ui.adsabs.harvard.edu/abs/2018RNAAS...2..210D},
	author = {{Drimmel}, Ronald and {Poggio}, Eloisa},
	doi = {10.3847/2515-5172/aaef8b},
	eid = {210},
	journal = {Research Notes of the American Astronomical Society},
	month = nov,
	number = {4},
	pages = {210},
	title = {{On the Solar Velocity}},
	volume = {2},
	year = 2018,
	bdsk-url-1 = {https://doi.org/10.3847/2515-5172/aaef8b}}

@article{wang:2020,
	adsnote = {Provided by the SAO/NASA Astrophysics Data System},
	adsurl = {https://ui.adsabs.harvard.edu/abs/2020SCPMA..6309801W},
	archiveprefix = {arXiv},
	author = {{Wang}, WenTing and {Han}, JiaXin and {Cautun}, Marius and {Li}, ZhaoZhou and {Ishigaki}, Miho N.},
	doi = {10.1007/s11433-019-1541-6},
	eid = {109801},
	eprint = {1912.02599},
	journal = {Science China Physics, Mechanics, and Astronomy},
	keywords = {Milky Way, dark matter, stellar halo, dynamics, satellite galaxies, Astrophysics - Astrophysics of Galaxies, Astrophysics - Cosmology and Nongalactic Astrophysics},
	month = may,
	number = {10},
	pages = {109801},
	primaryclass = {astro-ph.GA},
	title = {{The mass of our Milky Way}},
	volume = {63},
	year = 2020,
	bdsk-url-1 = {https://doi.org/10.1007/s11433-019-1541-6}}

@article{garavito-camargo:2021,
	adsnote = {Provided by the SAO/NASA Astrophysics Data System},
	adsurl = {https://ui.adsabs.harvard.edu/abs/2020arXiv201000816G},
	archiveprefix = {arXiv},
	author = {{Garavito-Camargo}, Nicolas and {Besla}, Gurtina and {Laporte}, Chervin F.~P. and {Price-Whelan}, Adrian M. and {Cunningham}, Emily C. and {Johnston}, Kathryn V. and {Weinberg}, Martin D. and {Gomez}, Facundo A.},
	eid = {arXiv:2010.00816},
	eprint = {2010.00816},
	journal = {arXiv e-prints},
	keywords = {Astrophysics - Astrophysics of Galaxies},
	month = oct,
	pages = {arXiv:2010.00816},
	primaryclass = {astro-ph.GA},
	title = {{Quantifying the impact of the Large Magellanic Cloud on the structure of the Milky Way's dark matter halo using Basis Function Expansions}},
	year = 2020}
